4675 5859
2345 328 2389 389 4

775 521 1044 608 Jupiter,
1084 526 1414 610 postquam
1451 522 1737 601 adolevit,
1779 543 1857 589 ex
1900 524 2083 590 Creta
2124 523 2450 609 emigravit
2491 527 2554 588 et
2592 522 2660 590 in
2689 520 3023 607 Olympum
3062 541 3129 586 se
3169 519 3444 594 contulit,
3490 521 3653 588 unde
3682 520 3949 591 Saturno
3991 529 4158 612 patri

575 625 657 704 et·
679 624 899 690 ceteris
939 621 1282 701 litonibus,
1324 625 1433 710 qni
1455 622 1699 710 Othryn
1744 630 2018 690 montem
2058 622 2425 701 incolebant,
2481 624 2709 690 bellum
2751 623 3020 699 inferret,
3065 643 3140 686 ex
3183 643 3305 706 quo
3349 621 3503 687 bello
3543 621 3671 687 iam
3713 624 3924 692 decem
3965 648 4158 696 annos

573 723 1242 911 &bznzffipigus
1281 728 1345 791 et
1385 724 1866 813 Cetumgeminis
1905 725 2148 792 adiutus
2191 724 2389 790 victor
2425 724 2638 796 munit.
2720 722 2855 802 Quo
2894 723 3057 788 facto
3097 727 3384 809 parentes
3424 723 3492 789 in
3534 720 3790 792 Graecia
3828 727 4031 814 parcis
4063 729 4158 795 usi

774 925 1093 993 Summum
1134 928 1341 991 autem
1380 926 1706 1014 imperium
1747 925 1892 993 Jovi
1931 924 2099 992 haud
2138 925 2320 992 facile
2361 946 2583 991 munus
2626 927 2776 1000 erat,
2833 946 2974 990 cum
3021 922 3246 988 iterum
3302 929 3487 1009 atque
3529 926 3756 993 iterum
3794 930 4017 995 ceteris
4060 930 4156 996 di·
4253 969 4257 978 ‚

576 1044 712 1090 cere
752 1033 1089 1114 cogeretur,
1154 1048 1342 1113 quam
1401 1031 1621 1112 potens
1681 1028 1812 1113 ipse
1876 1030 2052 1101 esset,
2124 1047 2246 1110 quo
2313 1026 2567 1093 celerius
2607 1046 2711 1092 eos
2749 1029 2980 1093 terrore
3020 1024 3321 1100 afficeret,
3386 1024 3784 1093 nihilominus
3825 1028 4153 1113 aliquando

573 1122 785 1194 Thetis
824 1129 1030 1216 ipsum
1069 1128 1487 1194 centimanum
1526 1126 1848 1193 Briarenm
1876 1128 2288 1214 Aegaeonem,
2333 1126 2516 1193 deum
2555 1126 2859 1193 undarum
2901 1125 3322 1201 robustiorem,
3366 1124 3641 1201 adduxit,
3684 1128 3793 1213 qui
3836 1126 4152 1197 seditiosos

574 1222 827 1313 Olympi
871 1229 1013 1295 deos
1053 1229 1122 1294 in
1161 1227 1439 1295 ordinem
1480 1231 1742 1315 cogeret,
1787 1250 1927 1294 cum
1966 1225 2101 1293 Pan
2140 1228 2503 1295 rebellantes
2543 1227 2796 1294 Titanes
2837 1247 2913 1292 ex
2954 1225 3137 1292 Creta
3176 1225 3583 1312 propulsaret.

590 1350 594 1354 ’
773 1325 1086 1415 Imprimis
1125 1349 1388 1414 magnae
1427 1350 1606 1396 curae
1646 1330 1704 1394 ei
1745 1332 1921 1395 erant
1959 1350 2197 1401 uxores.
2273 1328 2496 1396 Metis
2556 1329 2721 1394 enim
2782 1327 2880 1393 vel
2927 1323 3261 1413 Sapientia,
3327 1327 3529 1411 prima
3569 1327 3811 1406 coniux,
3875 1330 4154 1415 paritura.

574 1431 705 1492 erat
744 1429 953 1507 filiam,
1018 1451 1176 1515 quae
1214 1434 1454 1515 patrem
1494 1429 1860 1508 obscuraret,
1922 1429 2285 1507 Minervam,
2348 1451 2533 1514 quam
2576 1429 2655 1494 ab
2697 1427 2908 1493 Urano
2947 1430 3012 1491 et
3051 1425 3294 1492 Tellure
3335 1428 3545 1493 doctus
3609 1427 3944 1497 devoravit.
4027 1432 4148 1499 At·

572 1528 783 1596 tamen
825 1530 1334 1616 Hephaestos,
1396 1533 1468 1594 ut
1508 1531 1599 1595 ait
1641 1528 1959 1606 Pindarus,
2001 1550 2139 1597 eum
2180 1532 2248 1597 in
2291 1551 2365 1596 eo
2406 1533 2579 1605 esset,
2629 1532 2696 1593 ut
2735 1526 3018 1594 Minerva
3055 1532 3394 1612 pareretur,
3463 1529 3706 1593 securi
3746 1551 3977 1596 aenea
4021 1534 4151 1599 Jo-

573 1628 691 1692 vis
733 1636 968 1716 caput
1008 1629 1423 1717 percussit,
1465 1634 1536 1695 ut
1578 1631 1692 1695 dea
1732 1632 2145 1718 pugnantium
2185 1652 2325 1696 cum
2365 1630 2632 1695 clamore
2666 1633 3111 1714 prorumperet,
3155 1650 3280 1713 qua
3318 1628 3528 1694 fabula
3553 1632 3761 1712 spreta
3789 1629 4146 1699 Aristoteles

571 1728 782 1795 rhetor
820 1730 1096 1798 Rhodius
1135 1729 1548 1796 Minervam
1589 1731 1663 1796 in
1706 1730 1935 1796 Creta
1974 1732 2171 1798 nube
2239 1729 2615 1796 conditam
2657 1752 2695 1793 a
2735 1727 2891 1795 Jove
2929 1728 3060 1793 ictu
3097 1726 3414 1793 liberatam
3461 1749 3589 1793 esse
3628 1733 3858 1795 narrat.
3945 1731 4149 1810 Quan-

573 1849 760 1912 quam
801 1830 1104 1898 Homerus
1145 1829 1488 1895 Minervam
1531 1851 1662 1896 esse
1702 1833 2034 1899 secundum
2075 1829 2294 1898 Jovem
2334 1849 2641 1896 summum
2685 1848 2907 1892 numen
2950 1827 3440 1913 declaraveram)
3504 1833 3710 1894 tamen
3774 1832 3992 1912 negari
4033 1855 4154 1899 non

571 1928 731 2006 licet,
774 1932 827 1995 si
861 1936 1180 2016 utramque
1220 1930 1492 1996 fabulam
1535 1933 1872 1999 accuratius
1912 1933 2344 2019 aspexerimus,
2387 1929 2824 1996 Minervam
2886 1950 3199 2013 eamque
3241 1927 3631 1995 Creticam
3700 1934 3781 1995 ut
3849 1930 4156 2000 Indram

574 2028 784 2098 deam
825 2032 1080 2097 fuisse
1120 2034 1677 2107 seminantem,
1720 2054 1877 2116 quae
1917 2034 2111 2099 undas
2151 2031 2438 2097 coelestes
2478 2029 2836 2110 effunderet,
2877 2031 2944 2097 id
2985 2030 3151 2113 quod
3191 2030 3404 2115 magui
3444 2050 3572 2094 esse
3612 2029 3692 2093 ad
3734 2052 3962 2097 numen
4006 2032 4151 2098 Cre-

574 2128 767 2194 ticum
808 2131 1231 2219 indagandum
1271 2131 1566 2197 momenti
1606 2131 1967 2197 videbimus.

770 2229 973 2307 Metis,
1014 2237 1342 2318 postquam
1380 2231 1570 2296 filiam
1609 2235 1741 2296 tam
1779 2236 2094 2318 potentem
2117 2238 2368 2318 tamque
2393 2232 2725 2319 benignam
2752 2230 3010 2316 peperit,
3054 2229 3317 2304 reoessst,
3339 2231 3405 2294 in
3433 2232 3602 2295 euius
3628 2230 3829 2297 locum
3855 2230 3897 2297 J
3912 2255 3954 2296 ¹1
3970 2256 4012 2297 n
4025 2232 4153 2313 03),
4243 2321 4251 2330 .

575 2332 890 2407 successim
932 2321 1122 2416 quam
1166 2332 1399 2397 difficili
1439 2336 1661 2397 natura
1703 2332 1882 2397 deam
1921 2332 2147 2399 nullius
2189 2334 2309 2399 nisi
2354 2332 2619 2398 Graecae
2660 2333 2850 2398 fuisse
2890 2332 3157 2397 nationis
3199 2329 3548 2396 Herodotus
3589 2332 3986 2417 contendit.4)

772 2432 813 2498 J
814 2433 1002 2498 unoni
1063 2437 1270 2498 autem
1309 2431 1677 2497 Dodonaeae
1718 2430 1917 2498 Dione
1978 2455 2203 2500 nomen
2243 2436 2398 2509 erat,
2462 2454 2619 2516 quae
2682 2437 2815 2499 erat
2856 2432 3114 2498 Titanis.
3200 2429 3668 2496 Matrimonium
3708 2432 3752 2499 J
3753 2435 3973 2498 unonis
4015 2458 4152 2502 cum

574 2532 732 2600 Jove
773 2533 997 2598 initum
1036 2533 1238 2617 prisco
1281 2531 1448 2597 cultu
1489 2536 1765 2599 sanctum
1809 2553 1932 2597 non
1973 2532 2170 2598 solum
2212 2538 2348 2599 tota
2375 2533 2649 2610 Graecia,
2693 2534 2801 2598 sed
2842 2534 3026 2598 etiam
3071 2533 3135 2596 in
3166 2530 3347 2596 Creta
3390 2531 3813 2596 celebrabatur
3854 2539 3916 2599 et
3960 2534 4152 2621 finge-

575 2634 776 2709 batur,
820 2635 1040 2719 quibus
1081 2631 1426 2698 Hierochiis
1470 2632 1700 2709 Gnosii,
1747 2632 2160 2719 Hierapytnii,
2203 2632 2468 2700 Priausii
2510 2632 2826 2700 Cretenses
2869 2632 2997 2697 dies
3039 2632 3335 2697 solemnes
3377 2628 3828 2697 dedicaverant.

771 2733 886 2801 Est
927 2755 1072 2799 sane
1114 2733 1278 2817 quod
1317 2732 1626 2809 miremur,
1670 2755 1793 2818 qua
1830 2735 2067 2800 ratione
2108 2734 2241 2799 fieri
2280 2735 2572 2820 potuerit,
2614 2737 2686 2798 ut
2726 2733 2974 2818 Jupiter
3011 2753 3224 2818 pugna
3251 2730 3542 2796 Titanum
3568 2739 3845 2816 pugnata
3875 2732 4156 2819 Pythone

570 2837 670 2902 vel
730 2835 917 2919 Delp
934 2832 1076 2911 his,
1136 2854 1263 2899 non
1301 2834 1367 2898 in
1410 2831 1590 2898 Creta
1627 2833 1892 2919 lapidem
1934 2856 1973 2898 a
2010 2837 2188 2920 patre
2229 2834 2588 2901 devoratum
2626 2837 2691 2897 et
2730 2834 3064 2898 evomitum
3124 2833 3482 2907 intruderet,
3532 2831 3642 2914 qui
3682 2838 3837 2898 esset
3901 2835 4148 2920 signum

575 2940 638 3002 et
677 2934 1038 3000 miraculum
1075 2933 1453 3008 mortalibus,
1496 2933 1665 2999 cuius
1704 2933 1926 3019 lapidis
1966 2935 2278 3001 oraculum
2318 2955 2445 3000 non
2485 2933 2684 2999 solum
2725 2932 3093 2999 cunabulum
3136 2933 3264 2997 eius
3307 2931 3572 3010 Cretam,
3620 2935 3727 3000 sed
3771 2936 3980 3000 omnia
4018 2934 4150 3000 loca

575 3058 764 3113 sacra,
805 3033 1107 3121 imprimis
1129 3033 1438 3100 oraculum
1458 3034 1965 3110 Dodonaeum,
1989 3037 2355 3102 obscuraret.
2379 3034 2711 3102 Graculum
2736 3032 3135 3099 Dodonaeum
3153 3031 3197 3098 J
3199 3033 3328 3098 ovis
3347 3034 3530 3100 fuisse
3550 3038 3813 3110 constat3
3856 3034 3964 3100 sed
3985 3035 4153 3100 cuius

577 3136 843 3203 nationis
882 3135 1069 3200 fuerit
1109 3134 1499 3200 manifestum
1541 3159 1663 3201 non
1704 3139 1814 3201 est.
1902 3137 2197 3202 Attamen
2258 3135 2585 3202 verisimile
2627 3138 2719 3200 est
2787 3134 3009 3200 Jovis
3078 3131 3474 3199 Dodonaei
3536 3134 3826 3201 cultum
3898 3156 4049 3202 non
4120 3157 4158 3198 a

578 3236 1022 3310 Semitibus,
1090 3233 1225 3300 sed
1266 3256 1304 3296 a
1344 3236 1723 3301 veteribus
1766 3235 2109 3322 Pelasgis
2153 3257 2239 3301 ex
2283 3239 2530 3323 prisca
2571 3236 2744 3300 sede
2786 3254 2951 3299 esse
2991 3233 3349 3310 allatum3
3413 3235 3702 3319 opinione
3766 3234 3933 3300 enim
3996 3235 4155 3300 anti-

577 3339 784 3422 quitus
827 3338 1075 3420 accepta
1115 3334 1361 3398 adducti
1401 3336 1697 3400 credimus
1740 3335 2135 3423 Pelasgorum
2176 3338 2432 3402 numina
2468 3335 2652 3402 fuisse
2693 3335 2735 3401 J
2736 3354 2928 3410 ovem,
2973 3333 3233 3409 Dionen,
3276 3333 3319 3399 J
3320 3338 3603 3410 unonem,
3649 3334 3949 3408 Cererem,
3989 3334 4152 3398 Mer-

577 3440 832 3504 curium.
917 3433 957 3500 J
961 3457 1136 3500 ovem
1176 3455 1321 3498 vero
1362 3434 1759 3501 Dodonaeum
1800 3436 1841 3502 J
1841 3458 2226 3520 unonemque
2265 3436 2662 3502 Dodonaeam
2702 3436 2800 3500 vel
2841 3434 3103 3501 Dionem
3143 3434 3296 3499 coeli
3337 3435 3590 3499 numina
3650 3435 3836 3500 fuisse
3895 3457 4152 3520 eumque

580 3538 624 3605 J
624 3558 798 3604 ovem
872 3535 1052 3599 deum
1093 3534 1160 3599 in
1202 3555 1340 3598 aere
1381 3541 1443 3599 et
1484 3536 1726 3601 aethere
1788 3541 2148 3610 versantem,
2231 3538 2621 3611 nutrientem,
2702 3535 3102 3599 seminantem
3154 3535 3392 3619 opinor,
3458 3535 3564 3618 qui
3635 3535 3783 3601 deus
3847 3536 3923 3600 de
3990 3536 4157 3600 coelo

578 3658 768 3723 aquas
810 3634 1146 3700 effunderet
1185 3633 1460 3700 nubilato
1502 3642 1563 3699 et
1606 3638 1890 3702 arborum
1931 3635 2190 3720 strepitu
2232 3635 2381 3720 quid
2442 3634 2624 3701 vellet
2686 3634 3046 3698 ostenderet.
3135 3634 3236 3697 An
3277 3653 3388 3699 nos
3429 3635 3593 3722 fugit
3634 3634 3925 3721 Pelasgos
3965 3634 4153 3701 etiam

579 3738 795 3804 Cretae
834 3735 1062 3800 incolas
1103 3735 1330 3802 fuisse?
1415 3738 1583 3814 Quae
1624 3758 1720 3801 res
1761 3758 1901 3801 cum
1939 3736 2033 3801 ita
2073 3755 2137 3800 se
2180 3734 2421 3810 habeat,
2466 3756 2589 3800 non
2632 3734 2748 3799 erit
2790 3735 2897 3817 qui
2940 3737 3125 3819 neget
3170 3732 3664 3819 Pelasgorum
3706 3733 3750 3801 J
3758 3736 3930 3800 ovis
3993 3735 4154 3800 cul-

580 3844 734 3904 tum
777 3837 852 3902 in
895 3836 1117 3900 Creta
1158 3839 1655 3902 veterrimum
1699 3836 1903 3912 fuisse,
1953 3834 2216 3900 Homero
2248 3838 2539 3920 notum,5)
2581 3836 2688 3920 qui
2713 3838 2898 3920 poeta
2938 3839 3001 3898 et
3045 3855 3246 3898 rerum
3277 3833 3620 3899 divinarum
3662 3835 3927 3921 scriptor
3967 3835 4158 3901 Grae-

580 3960 783 4005 corum
831 3936 1287 4019 antiquissimus
1329 3959 1463 4001 cum
1509 3936 1662 4001 nihil
1706 3936 1887 4000 alieni
1930 3940 1993 3999 et
2033 3935 2440 4000 memorabilis
2481 3935 2558 3999 de
2597 3934 2753 4001 Jove
2816 3933 3053 4000 Cretico
3116 3933 3358 4008 dixerit,
3423 3933 3715 4017 sequitur,
3788 3938 3859 4000 ut
3927 3934 4155 4004 Minois

578 4041 783 4106 fautor
820 4039 924 4103 ille
966 4035 1385 4101 celeberrimus
1447 4059 1485 4100 a
1550 4037 1777 4121 populo
1821 4035 2051 4099 Gra-eoo
2104 4034 2349 4119 Jupiter
2392 4034 2654 4100 Graecus
2695 4035 3076 4100 existimatus
3138 4034 3221 4099 sit
3282 4033 3449 4099 velut
3489 4034 3736 4120 Jupiter
3782 4033 4154 4103 Dodonaeas

586 4139 730 4205 deus
777 4138 1043 4204 Graecus
1083 4139 1336 4220 putatus
1378 4139 1487 4210 est,
1530 4158 1880 4220 quanquam
1923 4157 2045 4200 non
2090 4136 2370 4201 omnibus
2409 4135 2588 4200 rebus
2628 4135 2844 4201 similis
2888 4140 3021 4199 erat
3060 4132 3205 4199 Jovi
3248 4132 3591 4199 Homerico.

780 4237 988 4303 Metuo
1026 4235 1296 4321 quidem,
1340 4257 1417 4300 ne
1458 4236 1766 4321 vituperer
1808 4236 2015 4299 dicens
2057 4234 2235 4300 Jovi
2278 4233 2575 4301 Cretico
2622 4258 2787 4303 cnm
2828 4235 3016 4301 Jove
3058 4233 3483 4300 Dodonaeo
3525 4255 3875 4320 magnam
3918 4234 4158 4302 fuisse

579 4337 1185 4411 similitudinem3
1247 4336 1352 4401 sed
1394 4335 1609 4401 Jovem
1656 4335 1980 4411 Creticum,
2022 4356 2157 4400 cum
2201 4339 2486 4401 naturam
2526 4336 2853 4402 seminaret
2893 4339 2958 4400 et
2997 4338 3337 4401 moreretur
3377 4331 3633 4419 singulis
3675 4334 3853 4398 annis
3896 4339 3960 4399 et
3999 4336 4156 4416 revit

782 4491 832 4556 1)
896 4489 1063 4549 Rhea,
1122 4487 1275 4538 Jovis
1308 4491 1476 4538 mater
1510 4488 1596 4552 pie
1628 4486 1944 4546 veneranda,
1996 4488 2179 4550 priscis
2212 4487 2533 4552 temporibus
2566 4489 2698 4538 miro
2732 4486 2956 4553 quodam
2989 4487 3145 4538 modo
3179 4501 3212 4537 a
3247 4485 3462 4537 Graecis
3496 4499 3604 4534 non
3637 4484 3739 4534 nisi
3776 4499 3896 4533 cum
3932 4485 4148 4535 Saturno

576 4561 741 4611 fratre
775 4563 829 4608 et
864 4557 1086 4620 coniuge
1120 4555 1176 4604 in
1208 4553 1419 4604 tabellis
1452 4555 1591 4618 picta
1625 4561 1762 4614 erat3
1798 4554 2172 4604 recentioribus
2206 4560 2379 4604 autem
2415 4555 2749 4620 temporibus,
2785 4569 2904 4604 cum
2937 4554 3157 4605 eandem
3193 4554 3354 4605 fuisse
3388 4551 3626 4618 Cybelen
3659 4550 3945 4616 Phrygiam
3977 4548 4153 4621 crede·

577 4633 715 4687 rent,
750 4624 964 4676 deornm
998 4628 1166 4672 mater
1198 4620 1539 4672 celeberrima
1572 4622 1710 4671 facta
1740 4627 1834 4672 est.

779 4708 832 4774 a)
898 4705 966 4756 11.
998 4704 1065 4756 V.
1097 4703 1213 4757 8⁷5.
1281 4703 1443 4767 Odys.
1480 4704 1676 4755 xxv1.
1712 4703 1825 4756 260.

775 4790 829 4856 3)
896 4788 1161 4840 Junonexn
1196 4802 1229 4837 a
1260 4787 1489 4837 iuvando
1522 4790 1843 4837 nominatam
1877 4801 1992 4836 esse
2025 4786 2250 4836 credidit
2281 4786 2388 4836 Cic.
2424 4785 2510 4850 (de
2547 4803 2597 4836 n.
2632 4788 2682 4837 d.
2717 4786 2788 4837 11.
2824 4788 2927 4853 26),
2977 4786 3069 4838 sed
3102 4788 3314 4849 erravit,
3372 4802 3495 4838 nam
3530 4785 3673 4836 Jnno
3709 4789 3821 4834 erat
3853 4783 4010 4833 Dana
4041 4784 4155 4832 sive

577 4857 758 4924 Djana
788 4859 902 4908 sive
924 4856 1100 4906 Dione
1123 4854 1343 4915 Titanis,
1380 4854 1516 4919 quod
1550 4869 1741 4905 nomen
1779 4868 1811 4903 a
1847 4853 2041 4902 lumine
2076 4852 2253 4902 divino
2289 4859 2342 4903 et
2377 4852 2481 4903 diei
2514 4854 2796 4918 splendore
2832 4853 3041 4905 ductum
3075 4854 3284 4904 videtur
3319 4869 3448 4905 esse.
3485 4854 3591 4905 Cfr.
3625 4871 3674 4920 p.
3709 4852 3757 4900 2.

770 4939 826 5006 4)
893 4936 1091 4990 Herod.
1123 4935 1196 4986 11.
1229 4936 1312 4986 59.

774 5024 827 5089 5)
897 5022 1060 5088 Odys.
1083 5019 1241 5085 xlx.
1282 5021 1390 5072 ιτς).
