4675 5859
2307 409 2388 475 15

552 625 852 697 Asteriae,
896 619 1177 686 Latonae
1220 616 1460 692 sororis,
1503 613 1663 680 filius
1723 613 1889 685 erat3
1969 629 2110 674 uam
2176 607 2402 694 Apollo
2464 607 2796 694 Delphicus
2856 607 3012 675 Jove
3078 606 3313 676 Cretico
3371 614 3435 674 et
3494 608 3734 677 Latona
3775 613 3958 674 natus
3996 629 4126 677 esse

554 724 927 811 perhibetur.
1015 719 1140 784 Sed
1185 715 1471 784 Hercules
1512 715 1711 778 vietor
1756 732 1881 776 non
1928 708 2138 786 evasit,
2183 730 2324 774 cum
2367 707 2616 774 Asteria
2631 756 2648 785 ,
2692 714 2895 775 mater
2936 708 3081 784 eius,
3140 708 3307 775 Coeli
3349 710 3568 795 regine
3611 709 3738 777 sive
3779 709 3969 787 Luna,
4014 731 4126 776 ne·

559 843 869 907 quaquam
913 820 990 884 ab
1032 819 1281 883 Astarte
1326 812 1654 880 Phoenicia
1711 810 2122 877 abhorruisset
2161 829 2421 892 eumque
2460 808 2624 874 idem
2685 808 2831 874 deus
2898 807 3044 873 Nilo
3086 809 3214 873 sive
3276 809 3433 875 Jove
3474 808 3792 896 Aegyptio
3834 811 3981 878 Som
4024 811 4127 876 vel

563 922 754 988 Dsom
798 925 978 986 natus
1022 917 1324 1002 Phrygias
1386 934 1542 998 quae
1596 913 1881 978 dicuntur
1935 910 2141 975 literas
2182 910 2310 975 sive
2355 910 2650 1023 Ἐφέσια
2701 916 3108 1010 γράμματα
3156 910 3587 993 superstitiosa
3647 911 4120 996 conscripsisset,

562 1027 633 1088 ut
673 1024 737 1086 in
782 1019 1015 1107 Digitis
1057 1016 1255 1083 Idaeis
1296 1013 1760 1089 enthusiasticis,
1802 1011 1976 1084 ,Iovis
2018 1010 2239 1075 Cretici
2278 1011 2637 1095 propinquis
2679 1009 2777 1074 vel
2816 1008 3125 1078 ministris,
3170 1013 3603 1077 numeraretur.

758 1136 918 1202 Mire
957 1133 1247 1205 Ariadna,
1291 1129 1523 1196 Minois
1559 1135 1623 1193 et
1664 1128 1997 1214 Pasiphaes
2034 1125 2161 1191 filia
2200 1147 2488 1211 sororque
2514 1126 2866 1203 Minotauri,
2909 1126 3060 1191 mihi
3102 1127 3368 1191 inservit.
3455 1127 3630 1205 Quae
3665 1127 3841 1213 virgo
3906 1125 4130 1195 Thesei

556 1240 760 1324 speeie
803 1240 866 1301 et
907 1236 1118 1298 decore
1159 1237 1349 1316 capta
1384 1252 1502 1297 non
1549 1229 1869 1304 dubitavit,
1912 1228 2062 1311 quin
2100 1225 2321 1314 fratem
2363 1226 2674 1311 proderet3
2743 1250 2888 1292 nam
2931 1247 3068 1293 cum
3109 1226 3463 1311 spectaculis
3504 1226 3881 1293 Cretensium
3933 1230 4123 1295 inter·

561 1342 732 1412 emet,
777 1334 1007 1399 Theseo
1049 1332 1369 1399 eonsilium
1411 1331 1753 1397 Minotauri
1795 1328 2106 1395 occidendi
2150 1325 2385 1391 dedisse
2426 1326 2636 1391 fertur.
2723 1326 3049 1393 Meditanti
3112 1328 3293 1404 mihi,
3354 1348 3463 1392 cur
3517 1327 3773 1392 victoria
3820 1332 4136 1415 reportata

562 1436 836 1502 Theseus
878 1437 1123 1517 raptam
1189 1434 1255 1496 in
1326 1429 1509 1496 Naxo
1550 1430 1754 1496 insula
1795 1429 2083 1494 victoriae
2150 1427 2378 1492 sociam
2446 1426 2804 1505 deseruerit,
2860 1430 3215 1511 praesertim
3274 1451 3412 1495 cum
3453 1429 3731 1495 Ariadna
3767 1433 3898 1495 tam
3938 1430 4137 1496 suavis
4189 1433 4198 1438 ”

561 1538 762 1611 fuerit,
785 1538 858 1599 ut
875 1529 1165 1600 Bacchus
1197 1530 1651 1616 pulchritudine
1678 1531 1806 1594 eius
1832 1531 2047 1612 captus
2068 1546 2317 1592 uxorem
2339 1548 2472 1591 eam
2496 1527 2741 1592 duceret
2760 1531 2822 1591 et
2843 1532 3147 1593 mortuam
3167 1529 3604 1594 immortalium
3625 1528 3852 1596 honore
3880 1530 4129 1616 dignam

562 1637 883 1711 iudicaret,
929 1632 1143 1700 fabula
1198 1629 1411 1695 Thesei
1455 1631 1650 1713 ipsius
1691 1628 1938 1694 arridet.
2022 1626 2306 1704 Videsne,
2351 1630 2422 1690 ut
2462 1627 2647 1692 etiam
2682 1627 2933 1703 Aethra,
2976 1625 3193 1693 Thesei
3235 1634 3436 1694 mater
3477 1631 3552 1696 ab
3576 1631 3784 1716 Aegeo
3801 1634 3857 1709 1>
3900 1629 4139 1696 deserta

559 1742 657 1803 est
673 1739 707 1800 ἳ
758 1735 895 1812 Quo
938 1734 1106 1798 facto
1155 1731 1353 1794 oritur
1383 1729 1740 1815 Ophiulcus,
1763 1729 1960 1814 Aegei
2000 1727 2160 1791 filius
2201 1728 2327 1792 sive
2369 1726 2653 1804 Theseus,
2697 1748 2877 1810 quem
2899 1727 3143 1793 Aethra
3183 1729 3457 1812 primum
3501 1731 3801 1817 originem
3844 1734 3906 1794 et
3946 1750 4137 1815 genus

562 1837 741 1919 celat,
783 1856 922 1899 cum
965 1837 1143 1918 pater
1184 1833 1376 1916 Aega,
1446 1831 1615 1895 brevi
1680 1852 1723 1914 p
1737 1832 2019 1911 ostquam
2073 1827 2248 1911 prole
2289 1848 2497 1892 carens
2537 1828 2887 1911 Apollinem
2929 1830 3326 1905 consuluerat,
3379 1831 3452 1895 in
3498 1828 3722 1895 Oceani
3762 1830 3958 1895 undas
4002 1830 4139 1895 des-

565 1935 892 2003 cendisset.
1008 1932 1160 1996 Cum
1231 1952 1372 1995 vero
1442 1930 1648 1994 omnia
1708 1927 1906 1994 sidera
1971 1927 2038 1992 in
2102 1932 2271 1993 ortus
2343 1949 2480 1993 suos
2543 1928 2811 1993 redirent
2877 1932 2939 1992 et
3012 1931 3286 1994 omnium
3355 1950 3562 1995 rerum
3631 1930 4143 2018 ἆμοακίχλωσκ

569 2054 633 2114 et
681 2035 970 2114 ἄποχαῑ
978 2042 1282 2117 άπασις
1331 2031 1521 2108 fieret,
1566 2030 1809 2114 Aegeus
1849 2026 2043 2092 filium
2103 2027 2310 2113 gladio
2373 2032 2437 2091 et
2477 2027 2838 2093 calceamine
2880 2027 3195 2113 cognitum
3235 2030 3300 2094 in
3348 2030 3502 2096 Solis
3543 2050 3801 2115 regnum
3840 2031 4131 2096 traduxit.

565 2130 839 2199 Theseus
884 2152 1018 2197 ecce
1060 2129 1307 2196 Naxum
1377 2130 1685 2213 relinquit,
1736 2131 2057 2215 postquam
2123 2149 2262 2193 cum
2327 2127 2601 2193 Ariadna
2641 2130 2793 2195 duos
2832 2126 3007 2206 filios,
3055 2128 3420 2213 Staphylum
3459 2133 3521 2193 et
3562 2128 3913 2214 Oinopium,
3957 2152 4140 2197 uvam

568 2253 788 2319 nempe
830 2236 893 2297 et
935 2234 1151 2297 vinum
1172 2232 1436 2296 bibendo
1477 2232 1782 2305 idoneum,
1811 2228 2176 2313 procreavit.
2247 2226 2380 2292 Nec
2405 2228 2649 2305 mirum,
2694 2250 2801 2292 cur
2823 2227 3095 2293 Bacchus
3126 2229 3423 2293 desertam
3460 2229 3797 2294 Ariadnam
3822 2229 3888 2294 in
3929 2230 4143 2294 matri·

565 2336 839 2400 monium
883 2333 1143 2408 duxerit,
1190 2352 1328 2396 cum
1372 2329 1678 2396 Bacchum
1723 2327 1910 2394 Naxii
1955 2329 2123 2416 apud
2167 2350 2231 2394 se
2271 2327 2541 2394 dixerint
2580 2332 2813 2393 natum.
2900 2329 3213 2412 Siquidem
3267 2327 3572 2395 Diodorus
3621 2328 3857 2395 Siculus
3917 2328 4145 2406 retulit,

563 2433 876 2500 Bacchum
919 2454 992 2498 ex
1020 2434 1199 2498 astris
1229 2431 1539 2496 Ariadnae
1581 2449 1866 2493 eoronam
1908 2429 2305 2504 constituisse,
2352 2433 2607 2513 utraque
2648 2428 2854 2492 fabula
2897 2435 3141 2512 aspecta
3183 2450 3321 2493 cum
3380 2430 3711 2494 alterum
3752 2429 3806 2494 Τ
3826 2429 3868 2493 h
3887 2450 4146 2494 eseum

496 2534 767 2599 *inter
809 2532 1193 2598 coelestes
1236 2530 1721 2597 referendum
1762 2549 1924 2594 esse
1967 2534 2103 2593 tum
2145 2530 2503 2594 coniecerim
2547 2530 2633 2594 ab
2683 2528 3034 2593 Ariadna
3075 2529 3244 2593 sive
3286 2551 3571 2594 corona
3614 2529 3946 2606 boreali,
3993 2550 4149 2612 quae

564 2635 867 2699 matutino
908 2637 1183 2717 tempore
1227 2632 1452 2696 luceret
1483 2648 1621 2695 ante
1648 2651 1892 2694 currum
1935 2629 2091 2694 Solis
2133 2649 2270 2705 cum
2314 2628 2550 2695 Theseo
2608 2629 2817 2702 iuncti,
2882 2627 3214 2693 alterum
3278 2627 3680 2704 Theseum,
3747 2629 4147 2694 celeberri-

564 2754 764 2797 mum
804 2732 1025 2796 illum
1067 2732 1401 2806 heroem,
1446 2752 1605 2795 cum
1649 2728 2178 2795 Minotaurum
2222 2730 2643 2806 occideret,
2687 2729 3032 2793 adiutum
3075 2733 3321 2808 esses)

766 2832 945 2898 Unde
989 2831 1208 2907 elucet,
1254 2853 1362 2897 cur
1423 2830 1482 2896 N
1487 2831 1610 2896 axii
1653 2830 1802 2896 duas
1844 2830 2146 2895 Ariadnae
2200 2828 2384 2894 fuisse
2427 2829 2871 2902 contenderint,
2918 2850 3180 2912 quarum
3222 2829 3430 2895 altera
3472 2830 3818 2917 coniugium
3859 2829 4152 2894 tenuisset

565 2929 788 2996 Bacchi
830 2933 899 2996 in
940 2930 1137 3008 Naxo,
1183 2932 1375 2996 altera
1417 2952 1607 3015 eaque
1646 2932 1847 2996 minor
1888 2952 1925 2995 a
1975 2929 2206 2998 Theseo
2248 2932 2454 2997 ablata
2496 2935 2675 3007 esset,
2720 2950 2944 3013 curque
2985 2930 3135 2995 duos
3178 2932 3504 3014 quotannis
3548 2931 3614 2997 in
3661 2931 3954 2997 honorem
3995 2929 4145 2994 Ari-

567 3031 766 3096 adnae
811 3032 1054 3116 egerint
1096 3032 1226 3096 dies
1268 3031 1471 3096 festos.

763 3131 888 3195 Ubi
928 3134 1089 3196 enim
1134 3153 1358 3196 corona
1410 3132 1669 3196 borealis
1710 3132 1844 3195 luce
1886 3150 1995 3194 sua
2036 3133 2400 3215 vespertina
2458 3129 2648 3195 solem
2691 3131 2889 3195 redire
2929 3130 2995 3195 in
3036 3130 3307 3195 borealia
3347 3131 3542 3218 signa,
3583 3136 3655 3197 ut
3693 3136 3965 3197 oreretur
4005 3132 4155 3199 lucis

569 3250 850 3315 regnum,
925 3230 1256 3295 solveretur
1320 3232 1475 3296 acris
1538 3233 1737 3296 hiems
1796 3235 1976 3316 grata
2038 3231 2170 3295 viee
2228 3232 2405 3307 veris,
2451 3231 2862 3310 nunciaverat,
2928 3228 2987 3294 N
2993 3231 3117 3294 axii
3177 3230 3399 3296 hilares
3462 3236 3524 3296 et
3563 3232 3881 3298 ludibundi
3935 3233 4156 3318 prioris

572 3330 885 3396 Ariadnae
930 3331 1092 3394 diem
1133 3331 1354 3396 festum
1398 3331 1798 3410 celebrabant,
1844 3352 1965 3415 quo
2007 3331 2112 3398 Sol
2139 3329 2409 3396 Theseus
2453 3353 2592 3396 cum
2649 3331 2924 3396 Ariadna
2964 3331 3030 3395 in
3071 3329 3317 3396 Naxum
3359 3332 3712 3417 appulisset,
3756 3354 3893 3398 cum
3938 3354 4155 3418 ampu-

567 3434 804 3495 taretur
845 3431 988 3496 vitis
1053 3435 1115 3494 et
1155 3451 1433 3516 gemmae
1472 3436 1806 3518 turgerent.
1890 3433 2008 3496 Sex
2052 3452 2196 3496 vero
2239 3432 2545 3498 mensibus
2587 3436 2745 3516 post,
2790 3453 2929 3495 cum
2972 3432 3284 3497 auctumni
3356 3435 3628 3516 tempore
3678 3434 3890 3498 eadem
3932 3454 4155 3500 corona

571 3531 835 3597 borealis
860 3529 1020 3596 Solis
1061 3553 1305 3596 currum
1348 3533 1759 3618 praecederet,
1809 3553 2080 3608 monens,
2125 3531 2312 3597 solem
2335 3533 2691 3599 descendere
2720 3532 2783 3595 in
2810 3532 3098 3597 australia
3137 3534 3332 3618 signa,
3376 3554 3496 3616 quo
3538 3538 3812 3619 tempore
3843 3535 4155 3622 longiores

569 3631 911 3716 procedunt
948 3637 1173 3708 noctes,
1227 3634 1505 3716 sequitur
1547 3634 1764 3697 bruma
1806 3632 2051 3717 aliaque
2095 3635 2311 3700 hiemis
2357 3633 2754 3709 ineommoda‚
2800 3631 2862 3698 N
2863 3634 3005 3711 axii,
3049 3653 3186 3698 cnm
3227 3632 3658 3718 colligerentur
3685 3657 3838 3702 uvae
3879 3639 3943 3700 et
3981 3656 4151 3701 sacra

566 3734 749 3798 arbor
791 3731 1160 3817 spoliaretur
1200 3732 1502 3816 frugibnS,
1552 3734 1713 3798 diem
1752 3732 1972 3798 festum
2019 3736 2084 3800 in
2120 3735 2417 3801 honorem
2456 3734 2768 3799 Ariadnae
2824 3734 3218 3798 constitutum
3269 3734 3536 3819 agebant
3575 3737 3808 3815 moesti,
3853 3757 3991 3801 cum
4049 3755 4154 3800 eo-

572 3834 714 3898 dem
759 3833 857 3896 die
902 3830 1168 3896 Theseus
1216 3832 1338 3908 Sol,
1384 3834 1667 3919 ingratus
1732 3834 1926 3919 Aegei
1967 3834 2143 3911 filius,
2188 3833 2436 3899 Naxum
2480 3834 2935 3918 Ariadnamque
2978 3834 3351 3898 deseruisset.

768 3932 964 3997 Erant
1004 3952 1149 3995 sane
1192 3933 1300 4014 qui
1348 3935 1883 4018 suspicarentur-⁹»)
1929 3933 2304 4000 Theseum
2347 3956 2492 4000 non
2535 3935 2613 4000 in
2645 3934 2973 4012 Cretam,
3019 3934 3139 3998 sed
3169 3933 3538 4011 Minoam,
3581 3935 3656 3999 in
3692 3934 4155 3999 Phoenicum

570 4033 946 4097 coloniam
987 4052 1232 4117 prope
1298 4030 1679 4119 Megaram
1745 4037 2001 4113 sitam,
2048 4058 2205 4101 cum
2271 4036 2608 4100 victimis
2684 4035 2870 4099 mari
2935 4033 3382 4111 traiecisse,
3450 4035 3649 4099 unde
3731 4034 4154 4099 Ariadnam

570 4132 1012 4215 rapuisset;
1102 4131 1204 4194 sed
1270 4129 1419 4196 haec
1472 4135 1773 4199 sententia
1825 4136 2003 4199 nullis
2057 4129 2256 4199 fulciri
2322 4139 2526 4219 potest
2590 4135 2980 4199 documentis.
3084 4135 3329 4198 Minoae
3389 4135 3579 4222 igitur
3621 4134 3889 4199 coloniae
3932 4154 4153 4198 nomen

572 4250 696 4294 non
737 4231 857 4296 nisi
926 4227 1174 4295 Manem
1246 4231 1375 4296 sive
1444 4234 1717 4300 Minoem
1784 4235 1962 4298 deum
2032 4234 2240 4299 multis
2305 4234 2670 4299 Graecorum
2732 4236 2880 4300 locis
2922 4235 3149 4299 cultum
3205 4256 3333 4299 esse
3373 4238 3601 4319 prodit,
3645 4235 3707 4298 id
3752 4235 3919 4317 quod
3962 4256 4152 4319 supra

575 4330 1008 4405 demonstravi,
1054 4353 1408 4416 quanquam
1450 4335 1669 4420 priscis
1734 4334 2110 4420 temporibus
2154 4333 2398 4399 Cretam
2440 4333 2666 4399 Minois
2730 4336 2845 4407 dei,
2901 4335 3200 4400 Ariadnae
3265 4336 3414 4399 deae
3460 4337 3702 4399 Cretam
3766 4339 3829 4397 et
3891 4333 4140 4398 Naxum

572 4429 944 4496 clarissimas
989 4431 1159 4496 sedes
1200 4432 1393 4498 fuisse
1434 4435 1763 4499 verisimile
1807 4439 1913 4498 est.
2003 4434 2182 4500 Cultu
2227 4433 2566 4499 Naxiorum
2610 4436 2845 4501 diverso
2891 4445 2952 4499 et
2994 4436 3298 4500 contrario
3343 4440 3591 4520 aspecto
3634 4454 3724 4497 ne
3747 4453 4143 4516 quaquam

571 4531 1056 4594 coniecerim
1103 4531 1527 4600 Ariadnam
1571 4536 1893 4600 eandem
1935 4537 2178 4600 fuisse
2222 4539 2458 4617 atque
2502 4535 2889 4599 Astarten
2933 4534 3522 4618 Ascheramque'
3587 4534 3862 4617 quamvis
3926 4535 4152 4611 similes

776 4668 827 4731 1)
865 4666 1087 4718 Gebelin
1123 4670 1156 4719 l.
1193 4684 1268 4718 e.:
1303 4665 1515 4721 Theseo
1549 4677 1629 4721 est
1664 4670 1745 4720 fils
1763 4671 1949 4736 ‹l'Aiga
1982 4676 2035 4720 et
2071 4670 2330 4720 d'Aethra.
2382 4670 2458 4718 Le
2492 4670 2717 4734 premier
2753 4670 2818 4719 de
2843 4683 2929 4719 ces
2965 4686 3111 4718 noms
3148 4663 3362 4734 designo
3387 4666 3694 4717 clairement
3729 4667 3783 4717 la
3815 4667 3959 4718 belle
3994 4663 4151 4718 etoile

573 4736 724 4799 Aiga,
762 4735 816 4783 la
850 4732 1071 4797 Cherre,
1108 4737 1196 4801 qui
1234 4738 1329 4786 fait
1362 4738 1530 4801 partie
1566 4738 1635 4787 du
1672 4737 1888 4795 Cocher,
1943 4739 2029 4802 qui
2085 4736 2155 4786 lui
2192 4765 2257 4774 —
2294 4734 2463 4785 meme
2511 4736 2679 4800 prend
2715 4736 2765 4785 le
2800 4751 2924 4785 nom
2964 4736 3317 4801 d'Hippolyte,
3353 4734 3436 4784 fils
3470 4736 3535 4784 de
3570 4729 3788 4794 Theseo,
3825 4751 3890 4784 ou
3925 4738 4055 4801 petit
4092 4763 4155 4773 -—

573 4801 655 4851 fils
691 4794 904 4865 d’Egee,
974 4802 1171 4852 Aethra
1207 4808 1287 4854 est
1323 4803 1372 4854 le
1411 4820 1529 4852 nom
1569 4802 1734 4853 meme
1771 4804 1839 4853 dn
1878 4804 1973 4854 ciel
2013 4820 2079 4853 ou
2117 4804 2184 4853 de
2221 4804 2273 4852 la
2307 4808 2465 4851 voute
2499 4797 2705 4863 azureie,
2743 4818 2830 4852 sur
2871 4802 3102 4868 laquelle
3140 4808 3219 4853 est
3254 4796 3404 4866 place
3440 4796 3661 4861 Theseo,
3698 4809 3752 4851 et
3786 4801 3853 4852 οὺ
3878 4802 4070 4852 circulo
4104 4801 4156 4852 le

570 4867 739 4928 soleil,
774 4866 902 4983 donlt
934 4868 1085 4933 Aiga,
1124 4870 1176 4919 la
1210 4866 1417 4930 chevre,
1453 4886 1689 4921 annones
1740 4870 1796 4921 le
1848 4865 2035 4934 depart
2087 4870 2216 4919 dans
2260 4885 2356 4919 nos
2401 4863 2612 4933 regions
2663 4863 2919 4919 boreales.
2988 4870 3034 4918 Il
3085 4864 3302 4933 designe
3339 4883 3408 4917 un
3445 4868 3541 4917 ciel
3582 4884 3679 4933 pur
3715 4874 3767 4917 et
3802 4868 4070 4919 lumineux
4105 4873 4158 4918 et

580 4948 650 4982 nn
685 4937 764 4984 air
801 4948 867 4983 ea
888 4950 987 4984 me.
3223 4957 3228 4962 ·

772 5001 824 5064 2)
861 4999 1084 5051 Gebelin
1121 5002 1154 5050 1.
1190 5019 1257 5052 e.:
1295 5002 1526 5053 Ariadne
1561 5019 1629 5053 ou
1666 5004 1719 5052 la
1753 5017 1982 5052 coroune
2018 4997 2252 5062 boreale,
2288 5003 2377 5067 qui
2416 5001 2466 5052 le
2501 5002 2662 5051 matin
2698 5001 2895 5051 brillait
2929 5000 3123 5050 devant
3158 5001 3208 5051 le
3244 5001 3370 5050 char
3407 5000 3479 5050 du
3513 5000 3660 5051 soleii
3700 5002 3792 5050 uni
3829 5015 3896 5050 au
3932 5015 4149 5065 serpen-

587 5067 701 5116 aire
734 5062 954 5128 Thesee,
990 5063 1117 5118 etait
1149 5064 1340 5118 censeo
1379 5070 1447 5119 lui
1484 5071 1631 5119 avoir
1668 5071 1805 5119 servi
1844 5069 2105 5132 de·g11ide
2139 5069 2345 5119 ‹lansla
2360 5075 2511 5118 route
2531 5084 2597 5118 au
2629 5075 2874 5124 moment,
2912 5068 2975 5117 οὺ
3014 5062 3151 5135 perit
3186 5068 3235 5118 le
3271 5070 3434 5118 matin
3472 5067 3650 5126 Orion,
3686 5066 3767 5117 fils
3804 5067 3869 5117 de
3904 5073 4153 5117 taureau.

778 5133 829 5196 3)
865 5135 989 5184 Max
1027 5135 1298 5196 Duncker,
1337 5136 1653 5186 Geschichte
1688 5136 1781 5186 des
1820 5131 2164 5198 Alterthums,
2201 5137 2286 5186 111
2339 5152 2390 5200 p.
2430 5136 2540 5185 108.
