4675 5859
2280 406 2390 470 16·

533 606 778 670 easdem
817 605 1002 670 fuisse
1044 606 1303 671 credam.
1389 605 1666 670 Ariadna
1707 606 1870 669 enim
1915 603 2138 669 Bacchi
2178 627 2332 670 uxor
2356 613 2409 679 1)
2454 603 2790 671 fertilitatis
2830 607 3137 670 terrestris
3181 607 3516 694 benignior
3544 606 3655 671 dea
3697 609 3884 675 fuisse
3929 612 4102 677 vide-

536 709 654 775 tur.
738 703 869 770 Neo
908 707 1151 783 mirum,
1195 708 1360 790 quod
1400 706 1458 771 D
1475 706 1576 770 eli
1647 706 1969 770 veterrima
2011 710 2213 770 statua
2268 705 2599 770 Veneris
2668 710 2909 789 reperta
2978 711 3091 781 est,
3167 729 3352 791 quam
3394 706 3660 771 Theseus
3731 714 3982 796 raptam
4024 735 4102 778 ex

544 806 727 872 Creta
768 807 1040 872 attulisse
1082 808 1289 882 fertur,
1313 809 1371 885 2)
1413 805 1710 890 siquidem
1752 805 1960 870 Venus
2002 827 2198 871 comes
2238 806 2356 870 fuit
2397 804 2632 880 Thesei,
2676 807 2770 870 cui
2815 825 2889 867 ex
2934 808 3140 871 Attica
3181 808 3484 871 soluturus
3527 806 3606 869 hi
3624 829 3655 871 r
3672 830 3756 875 eu
3773 833 3836 875 m
3879 812 4099 878 immo·

534 907 702 971 lavit.
788 907 1134 972 Verisimile
1184 907 1377 992 igitur
1415 911 1534 981 est,
1579 907 1940 970 comitem
1984 914 2057 970 et
2100 907 2586 972 adiutricem
2628 906 2947 970 eandem
3009 907 3251 971 fuisse
3294 907 3517 973 deam
3576 910 3891 986 amoris,
3938 934 4098 995 quae

537 1008 753 1092 opibus
792 1006 1106 1071 hominum
1146 1007 1377 1071 faveret
1431 1028 1703 1090 quaeque
1763 1029 1887 1071 non
1927 1011 2256 1091 pateretur,
2298 1028 2434 1072 cum
2479 1027 2672 1071 mores
2736 1007 2798 1069 in
2842 1006 2971 1070 dies
3014 1005 3228 1072 fierent
3271 1009 3596 1085 molliores,
3643 1009 3916 1076 homines
3962 1012 4081 1077 diis

536 1108 876 1172 rudissimis
915 1107 1239 1172 immolari.
1322 1106 1629 1171 Daedalus
1671 1107 1917 1190 quidem
1959 1113 2031 1171 ut
2071 1109 2419 1174 Minotauro
2461 1106 2927 1189 Labyrinthum,
2970 1106 3058 1169 ita
3102 1107 3409 1172 Ariadnae
3451 1111 3752 1193 templum
3796 1115 3859 1174 et
3889 1112 4088 1178 locum

539 1213 797 1283 vastum,
841 1228 960 1292 quo
982 1207 1230 1271 iuvenes
1271 1212 1332 1272 et
1373 1209 1639 1292 virgines
1703 1207 1964 1273 saltandi
2029 1231 2206 1273 causa
2269 1208 2676 1300 convenirent,
2742 1207 3029 1270 struxisse
3092 1206 3462 1290 perhibemr,
3527 1215 3594 1272 ut
3640 1210 3834 1275 conici
3882 1213 4094 1296 possit,

538 1309 852 1391 utriusque
894 1308 1159 1372 numinis
1203 1308 1426 1373 cultum
1471 1309 1656 1374 fuisse
1699 1307 2215 1382 enthusiastieum,
2263 1308 2368 1371 sed
2413 1307 2722 1372 Ariadnae
2763 1329 2827 1369 m
2843 1307 2989 1370 itio
3006 1328 3174 1371 rem.
3193 1318 3224 1366 3
3231 1317 3251 1384 )

737 1407 1011 1474 Ariadna
1050 1410 1260 1493 igitur,
1303 1408 1527 1474 Minois
1568 1412 1631 1473 et
1678 1408 2005 1493 Pasiphaes
2047 1409 2171 1474 sive
2214 1408 2371 1473 Solis
2413 1413 2474 1471 et
2516 1407 2725 1472 Lunae
2765 1406 2892 1470 filia
2934 1429 3223 1491 sororque
3266 1408 3626 1486 Minotauri,
3686 1433 3726 1495 p
3744 1415 3865 1474 ost
3888 1435 4100 1496 qnam

543 1511 902 1593 parentes
946 1528 1034 1571 ex
1076 1510 1527 1574 numinibus
1569 1509 2061 1575 coelestibus
2108 1507 2307 1573 faeti
2351 1514 2529 1575 sunt
2571 1508 2922 1572 homines
2965 1509 3362 1585 mortales,
3407 1533 3569 1576 eum
3612 1511 3909 1596 Min(os)
3971 1515 4097 1578 vel

542 1608 799 1673 Manes
839 1612 1065 1694 pater
1107 1608 1260 1672 sive
1302 1608 1788 1675 Minotaurus
1833 1612 1940 1674 vel
1984 1609 2300 1694 Min(os)
2329 1609 2622 1674 Taurus
2663 1608 2928 1672 frater
2969 1607 3215 1672 divini
3239 1631 3267 1673 s
3298 1610 3720 1677 honoribus
3761 1614 3835 1677 in
3859 1613 4097 1679 Creta

538 1709 834 1793 priscis
877 1709 1215 1774 moribus
1258 1708 1538 1795 dignus
1580 1711 1652 1775 iu
1671 1713 2092 1786 dicaretur,
2161 1713 2438 1798 egregias
2491 1710 2772 1775 habuisse
2815 1710 3055 1773 videtur
3095 1714 3321 1793 partes,
3366 1711 3600 1776 Theseo
3645 1735 3749 1780 seu
3794 1714 3917 1779 dux
3960 1736 4096 1779 eoe-

537 1809 704 1873 lestis
747 1830 850 1873 seu
893 1810 1067 1894 virgo
1108 1812 1388 1892 sociaque
1433 1813 1703 1876 mortalis
1730 1833 2096 1888 succurrens,
2142 1817 2208 1875 ut
2249 1811 2292 1877 J
2293 1811 2422 1876 ovis
2458 1810 2678 1876 Cretici
2720 1810 2846 1873 sive
2868 1808 3201 1873 Minotauri
3246 1810 3547 1876 Cretensis
3586 1815 3862 1895 symbolo
3896 1835 4099 1880 everso

542 1911 784 1977 animos
826 1910 1140 1974 hominum
1182 1932 1219 1974 a
1260 1909 1430 1976 cultu
1472 1910 1795 1975 rudissimo
1844 1917 2138 1976 avocaret.
3839 1895 3843 1899 ¹

545 2146 627 2196 Th
743 2080 789 2146 1)
826 2082 951 2130 Max
984 2080 1251 2139 Duneker,
1285 2080 1320 2129 l.
1357 2096 1424 2128 c.:
1469 2079 1700 2140 „Hesiod
1735 2086 1899 2129 neunt
1943 2079 2028 2129 die
2070 2079 2264 2130 blonde
2306 2077 2540 2129 Ariadne
2575 2078 2660 2128 die
2707 2076 2984 2128 Gemahlin
3033 2077 3123 2128 des
3170 2077 3548 2144 goldhaarigen
3585 2079 3898 2143 Dionysos.“
3969 2083 4098 2133 Hes.

629 2162 691 2197 eo
731 2183 743 2195 .
779 2148 893 2196 947.

692 2163 793 2279 g¹2)
830 2215 1054 2265 Pausan.
1088 2213 1183 2262 IX.
1218 2214 1297 2261 40.
1334 2220 1387 2263 et
1432 2211 1570 2266 Plut.
1622 2212 1777 2264 Thes,
1824 2213 1904 2261 29.
1942 2212 2045 2261 Cfr.
2100 2213 2223 2262 Max
2276 2210 2530 2261 Duncker
2569 2212 2599 2260 1.
2636 2226 2679 2259 c.
2717 2228 2766 2275 p.
2816 2212 2950 2260 1091:
2987 2211 3060 2261 Es
3096 2211 3198 2275 gab
3236 2212 3319 2260 ein
3358 2211 3489 2260 altes
3527 2210 3647 2259 Bild
3682 2209 3775 2260 der
3811 2212 4099 2278 Aphrodite

542 2281 598 2329 in
631 2280 810 2342 Delos,
849 2281 1073 2331 welches
1108 2296 1201 2330 aus
1237 2280 1400 2329 Kreta
1436 2278 1647 2328 dorthin
1718 2278 1993 2329 ekommen
2029 2294 2159 2340 wat-3
2201 2278 2434 2329 Theseus
2468 2278 2623 2329 sollte
2658 2277 2898 2327 dasselbe
2932 2295 3037 2327 von
3073 2279 3237 2327 Kreta
3271 2277 3505 2327 entfiihrt
3541 2276 3733 2325 haben.

740 2349 791 2414 3)
827 2349 957 2398 Max
991 2347 1243 2397 Dune'ker
1280 2346 1312 2394 1.
1348 2363 1392 2395 c.
1430 2363 1477 2411 p.
1512 2347 1655 2394 473.:
1731 2363 1760 2396 o
1796 2345 2075 2396 verehrten
2111 2346 2195 2396 die
2230 2346 2425 2395 Naxier
2462 2344 2546 2395 die
2580 2342 2826 2404 Ariadne,
2864 2345 3062 2395 sowohl
3114 2347 3167 2393 in
3205 2343 3296 2393 der
3335 2343 3551 2404 Gestfflt,
3588 2343 3723 2391 nach
3761 2343 3986 2392 welcher
4022 2345 4098 2392 sie

542 2413 632 2463 der
669 2414 1071 2464 Frnchtbarkeit
1104 2412 1445 2478 abgewendet
1478 2413 1586 2462 und
1621 2412 1871 2462 feindlich
1906 2414 1987 2473 ist,
2023 2414 2123 2463 wie
2157 2414 2212 2462 in
2246 2412 2338 2461 der
2377 2410 2578 2461 Gestalt
2629 2410 2725 2460 der
2777 2412 3039 2462 fruchts
3108 2410 3465 2461 endenden
3504 2410 3711 2470 Gottin3
3767 2411 3843 2460 sie
3879 2411 3946 2459 ist
3980 2411 4099 2459 eine

541 2482 890 2545 gahenreiehe
924 2481 1217 2544 Erdgfittin,
1252 2479 1543 2545 Spenderin
1578 2479 1667 2530 des
1704 2479 1919 2529 VVeines
1955 2478 2061 2527 und
2096 2479 2186 2528 des
2223 2478 2557 2542 ObstsegenS,
2593 2480 2680 2529 ein
2718 2478 3015 2528 weiblicher
3107 2480 3336 2541 ionysos;
3375 2477 3464 2527 cfr.
3503 2494 3550 2542 p.
3591 2476 3701 2529 108,
