4675 5859
748 595 901 661 Cum
943 597 1035 661 sol
1074 595 1330 660 redierit
1369 593 1448 658 ad
1489 594 1738 679 signum
1778 595 2152 679 aequinoctii
2196 594 2388 670 verni,
2430 595 2496 659 in
2538 614 2660 678 quo
2690 592 2931 660 Taurus
2973 598 3065 658 est
3107 592 3419 679 Europae,
3453 615 3591 662 cum
3620 595 3923 661 matutino
3948 601 4107 661 tem-
4179 629 4183 633 Δ
4247 559 4259 570 ⁸

546 717 706 785 pore
747 695 1028 762 oriuntur
1047 695 1342 773 Pleiades,
1381 697 1731 778 vespertino
1752 694 2018 760 Theseus
2034 699 2089 774 1)
2112 694 2362 759 altiores
2399 693 2559 779 petit
2598 694 2868 772 circulos,
2913 712 3054 761 vere
3092 714 3252 759 novo
3291 693 3530 779 gelidus
3569 695 3827 779 liquitur
3865 696 4107 774 humor,

557 797 845 884 Zephyro
887 791 1069 878 gleba
1108 815 1173 859 se
1212 794 1478 872 resolvit,
1522 796 1831 881 longiores
1869 792 2208 880 procedunt
2254 792 2400 858 dies.
2485 790 2642 859 'l'um
2688 815 2829 859 vero
2872 793 3095 860 occidit
3135 791 3328 858 Orion
3371 796 3539 860 tauri
3580 794 3742 861 filius
3769 794 4109 881 Pasiphaae

544 898 876 964 subiectus.
959 893 1102 962 Non
1144 894 1249 960 diu
1288 898 1496 961 tamen
1536 895 1705 973 latet,
1784 894 1982 958 denno
2023 899 2281 976 apparet
2318 894 2527 961 radiis
2546 893 2689 959 solis
2729 893 2809 958 ad
2849 897 3040 960 vitam
3081 898 3410 975 revocabis,
3474 896 3718 978 quando
3759 897 3850 962 sol
3889 896 3956 962 in
3994 915 4107 981 ge-

556 998 771 1067 mellos
821 995 1150 1064 descendit.
1234 993 1307 1058 In
1349 994 1515 1059 coelo
1558 998 1815 1059 renatus
1856 994 2161 1060 subiectus
2204 998 2300 1061 est
2345 1001 2539 1072 tauro,
2585 995 2693 1080 qui
2738 993 2979 1081 deperit
3019 994 3382 1080 Pasiphaes,
3452 1003 3518 1064 et
3557 1018 3670 1082 per
3721 1002 3923 1063 totam
3961 1016 4106 1081 reg-

557 1102 670 1166 nat
710 1099 1009 1163 aestatem
1042 1114 1414 1183 persequens
1439 1094 1759 1160 Pleiadum
1779 1099 1841 1159 et
1863 1092 2153 1179 Hyadum
2199 1115 2536 1173 nnmerum,
2580 1096 2686 1178 qui
2727 1103 2820 1164 est
2864 1095 3344 1181 quatuordeeim,
3390 1096 3639 1184 Hyades
3679 1101 3915 1182 septem
3955 1095 4108 1160 toti-

549 1202 830 1283 demque
873 1196 1165 1264 Pleiades.
1254 1195 1453 1281 Signa
1492 1193 1646 1260 haec
1689 1215 1796 1260 seu
1838 1194 2052 1260 stellae
2092 1203 2236 1261 sunt
2275 1198 2323 1262 ii
2361 1199 2540 1283 pueri
2581 1202 2646 1263 et
2684 1197 2944 1283 puellae,
2987 1197 3208 1281 quibus
3235 1194 3424 1262 Tauri
3448 1197 3630 1275 filins,
3675 1218 3861 1284 quem
3886 1216 4108 1281 parum

546 1300 747 1365 refert
788 1297 1206 1364 Minotaurum
1248 1319 1329 1361 an
1357 1294 1643 1360 Orionem
1687 1316 1884 1372 voces,
1926 1296 2149 1362 incutit
2193 1298 2525 1369 horrorem.
2570 1298 2691 1366 Sed
2732 1319 3049 1383 quousque
3093 1295 3336 1364 tandem
3378 1298 3699 1376 exercebis,
3740 1297 4107 1371 Minotaure,

553 1400 846 1466 infestum
892 1399 1220 1484 imperium
1239 1400 1269 1461 ⁴?
1356 1396 1632 1461 Manebis
1697 1418 1864 1473 sane,
1931 1395 2075 1462 dnm
2119 1417 2183 1461 se
2225 1397 2492 1465 iunxerit
2531 1399 2636 1465 Sol
2675 1420 2811 1464 cum
2858 1397 3180 1484 Ophiulco,
3246 1395 3495 1476 Theseo,
3559 1400 3659 1465 cui
3721 1399 3848 1464 dux
3885 1415 4109 1465 corona

565 1505 658 1565 est
698 1498 976 1566 borealis.
1063 1497 1470 1563 Coniuntione
1510 1497 1674 1562 faeta
1712 1497 1875 1561 lucet
1917 1495 2022 1562 Sol
2063 1496 2282 1562 Thesei
2324 1501 2572 1565 nomine
2614 1503 2677 1564 et
2715 1499 2916 1567 forma
2991 1497 3281 1585 gaudens,
3354 1499 3464 1581 qui
3504 1500 3597 1564 sol
3637 1501 3766 1564 iam
3826 1501 4107 1565 robustus

542 1622 699 1667 rnox
747 1619 1016 1663 remeare
1055 1598 1278 1680 incipit
1318 1597 1398 1661 ad
1439 1599 1757 1663 inferiores
1798 1596 2071 1674 circulos,
2140 1598 2262 1665 diei
2331 1600 2647 1681 somnique
2708 1620 2889 1684 pares
2930 1600 3082 1665 facit
3123 1595 3323 1675 horas,
3393 1598 3664 1666 medium
3731 1601 3853 1666 luci
3905 1603 4104 1682 atque

549 1701 787 1769 umbris
828 1699 1049 1765 dividit
1089 1698 1316 1764 orbem.
1362 1700 1451 1763 At
1489 1697 1818 1766 revertitur
1845 1696 2129 1777 Theseus,
2176 1701 2322 1765 dum
2367 1696 2640 1764 Pleiades
2680 1700 2980 1779 oriuntur,
3024 1698 3338 1766 auctumni
3378 1702 3759 1783 tempestate,
3802 1720 3909 1765 sex
3938 1718 4105 1763 men·

541 1805 722 1870 ¹ssibuu
761 1805 1088 1888 postquam
1132 1799 1306 1863 afuit.
1392 1798 1578 1864 Redit
1617 1800 1844 1868 victor:
1914 1821 2058 1865 nam
2099 1800 2241 1865 talis
2282 1798 2664 1883 Labyrintho
2736 1801 3009 1879 excessit,
3081 1820 3237 1883 qnae
3282 1801 3499 1866 domus
3554 1800 3895 1870 habebatur
3946 1797 4103 1872 solis,

548 1906 871 1991 signorum
915 1899 1269 1966 coelestium
1312 1900 1431 1977 via,
1475 1901 1628 1965 duce
1668 1899 1964 1975 Ariadna,
2038 1922 2195 1984 quae
2243 1919 2470 1965 corona
2508 1897 2767 1966 borealis
2809 1908 2954 1968 ante
2994 1901 3136 1967 solis
3176 1922 3422 1966 currum
3461 1922 3600 1966 cum
3640 1898 3876 1965 Theseo
3915 1896 4107 1965 iuneti

541 2003 911 2092 ‚splendebat
951 2020 1023 2064 eo
1072 2005 1366 2084 tempore,
1411 2022 1549 2064 cum
1587 1998 1783 2065 Tauri
1827 1999 1988 2065 filius
2030 1999 2125 2065 vel
2166 2000 2556 2065 Minotaurus
2594 2001 2857 2085 peribat.
2930 1999 3051 2066 Sed
3094 2000 3325 2077 dubito,
3367 2022 3519 2066 num
3555 2001 3672 2065 tibi
3711 1999 3860 2068 haec
3897 1997 4109 2083 opinio

548 2125 748 2190 aeque
789 2100 1136 2166 satisfaciat.

758 2201 843 2268 At
881 2199 1281 2284 veriloquium
1322 2205 1385 2263 et
1443 2198 1640 2262 cultus
1703 2201 2015 2267 nationum
2083 2198 2556 2284 antiquissimus,
2621 2200 2758 2283 quis
2800 2198 3188 2266 Minotaurus
3227 2201 3429 2277 fuerit,
3491 2200 3852 2284 respondere
3890 2199 4106 2264 viden-

559 2309 681 2370 tur.
766 2300 964 2368 Erant
1004 2321 1148 2364 sane
1189 2298 1295 2383 qui
1338 2297 1609 2362 dicerent
1649 2298 1873 2365 Minois
1913 2321 2123 2365 vocem
2164 2299 2540 2365 referendam
2583 2319 2712 2363 esse
2752 2298 2832 2363 ad
2874 2300 3313 2366 Germanorum
3377 2301 3440 2366 M
3454 2323 3596 2366 ann
3666 2300 3755 2365 vel
3798 2299 4102 2363 Romano-

551 2426 686 2471 rum
730 2402 821 2467 ho
834 2436 866 2449 -
880 2401 1027 2464 min
1075 2405 1138 2464 et
1175 2399 1342 2464 tauri
1381 2418 1590 2463 vocem
1631 2418 1760 2463 esse
1786 2400 2026 2485 origine
2051 2399 2406 2473 Phoenicia;
2448 2396 2554 2464 sed
2594 2418 2712 2464 vox
2754 2400 2935 2476 tauri,
2979 2421 3135 2485 qnae
3163 2405 3257 2465 est
3282 2401 3706 2483 sanseriticas),
3750 2421 3874 2465 non
3912 2397 4104 2464 solum

552 2527 692 2571 eum
736 2499 1109 2566 Phoenicum
1152 2499 1250 2563 vel
1290 2497 1734 2564 Chaldaeorum
1777 2500 2027 2565 vocibus
2085 2505 2115 2564 t
2128 2521 2165 2565 o
2180 2521 2213 2563 r
2254 2499 2385 2564 sive
2423 2501 2659 2599 3n393)
2729 2500 3111 2586 congruitur,
3177 2500 3282 2565 sed
3351 2501 3540 2566 etiam
3610 2522 3751 2566 cum
3819 2499 4104 2565 Indorum

474 2631 485 2640 “
540 2605 855 2678 -sthura,
930 2600 1374 2665 Germanorum
1417 2599 1662 2673 Stier,
1725 2603 1844 2664 tur
1887 2601 2226 2666 Slavorum.
2314 2598 2514 2676 Quare
2582 2619 2704 2662 vox
2773 2599 2937 2664 tauri
3003 2622 3081 2665 ne
3145 2601 3647 2688 Indogermanica
3713 2600 3960 2683 quidem
4000 2607 4108 2678 est,

554 2706 659 2771 sed
700 2700 887 2788 primi
929 2699 1175 2785 generis
1216 2699 1483 2767 humani.
1572 2698 1959 2765 Minotaurus
1999 2701 2215 2786 igitur,
2261 2701 2367 2782 qui
2409 2698 2668 2783 singulis
2710 2698 2863 2764 locis
2911 2699 3149 2766 Taurus
3190 2701 3531 2788 appellatus
3570 2706 3681 2777 est,
3744 2701 3867 2765 alia
3905 2703 4008 2766 via
4048 2706 4110 2766 et

554 2805 790 2870 ratione
864 2797 1256 2885 explicandus
1298 2804 1405 2864 est.
1499 2798 1717 2882 Neque
1760 2798 2083 2866 defuerunt
2124 2800 2230 2882 qui
2274 2799 2470 2864 cultus
2510 2800 2703 2884 ipsius
2743 2803 2981 2867 ratione
3031 2801 3236 2867 habita
3276 2801 3693 2867 Minotaurum
3732 2801 3920 2866 fuisse
3960 2822 4109 2868 eun·

556 2906 696 2969 dem
737 2906 921 2984 atque
966 2898 1347 2963 Phoenicum
1387 2899 1633 2965 Moloch
1674 2900 2137 2976 contenderent;
2184 2899 2288 2963 sed
2329 2899 2474 2964 hnic
2511 2902 2786 2985 opinioni
2829 2923 2967 2966 cum
3007 2902 3242 2967 notatio
3282 2905 3417 2966 tum
3464 2900 3662 2966 cultus
3705 2900 3969 2965 Molochi
4009 2924 4107 2967 re-

550 3007 818 3090 pugnat.
903 3000 1152 3065 Mittam
1196 3001 1406 3086 igitnr,
1452 3021 1608 3084 qnae
1651 3003 1786 3087 ipsa
1826 3008 2035 3080 ruunt,
2079 3006 2150 3066 ut
2190 3002 2266 3066 iis
2309 3000 2699 3078 satisfaciam,
2745 3002 2854 3086 qui
2896 2991 3144 3087 poscere
3189 3001 3539 3067 videantur:
3604 2999 3857 3065 meliora
3894 3001 4106 3086 proba.

557 3104 827 3189 Operam
870 3101 1060 3176 dab03
1104 3101 1334 3186 paucis,
1380 3121 1622 3182 quaes0,
1667 3107 1887 3170 tenete.
4193 3181 4198 3186 ¹

752 3202 1333 3283 Minotaurus4)
1378 3221 1519 3266 vox
1560 3201 1989 3286 composita
2030 3220 2170 3267 est.
2259 3202 2489 3278 Mino,
2546 3203 2750 3288 prima
2797 3222 2959 3287 pars,
3031 3222 3180 3267 non
3242 3222 3315 3265 ex
3356 3199 3624 3265 Minoe
3677 3201 3775 3267 vel
3827 3212 4106 3293 Μίνως,

555 3305 658 3370 0οᾶ
701 3325 776 3369 ex
817 3302 992 3369 Men
1032 3302 1160 3367 sive
1202 3300 1480 3377 Manes,
1540 3305 1676 3365 orta
1715 3307 1824 3372 est.
1868 3303 1974 3386 qui
2014 3302 2161 3368 deus
2202 3307 2334 3367 erat
2356 3303 2539 3368 Asiae
2581 3302 2836 3367 minoris
2875 3303 3261 3388 populorum.
3345 3300 3722 3367 Documento
3762 3305 3856 3365 est
3883 3300 4110 3367 Roma-

555 3424 775 3470 norum
819 3402 1263 3480 Minerva,5)
1308 3422 1462 3485 quae
1506 3402 1618 3464 dea
1644 3402 1860 3485 priscis
1889 3403 2268 3487 temporibus
2296 3401 2655 3468 Menerva
2696 3407 2759 3466 et
2795 3402 2958 3486 apud
2986 3401 3272 3467 Etruscos
3314 3401 3647 3466 Menerfa
3674 3401 3770 3466 vel
3819 3400 4110 3466 Meurfa

557 3506 875 3570 nominata
916 3507 980 3566 et
1019 3524 1094 3566 ex
1157 3501 1319 3567 Ma·
1335 3522 1464 3565 arv
1481 3522 1518 3563 a
1559 3501 1656 3566 vel
1719 3500 1831 3566 Me
1846 3526 1885 3567 n
1902 3523 2179 3567 e-arva
2246 3504 2588 3586 composita
2625 3501 2841 3587 priscis
2882 3501 3257 3586 temporibus
3298 3521 3583 3565 arvorum
3645 3521 3867 3565 numen
3926 3498 4109 3564 fuisse

556 3606 814 3674 videtur.
900 3601 1052 3666 Cum
1094 3600 1371 3666 Minerva
1412 3604 1476 3665 et
1526 3600 1884 3667 Minotauro
1935 3601 2199 3668 Vulcani
2268 3602 2472 3686 quarti
2508 3605 2687 3686 pater
2747 3600 2861 3667 Me
2879 3600 3030 3666 nali
3045 3623 3089 3665 u
3103 3604 3199 3686 se)
3265 3600 3712 3686 comparandus
3772 3604 3882 3677 est,
3944 3598 4114 3664 cuius

760 3820 784 3874 1
874 3818 1160 3870 Gebelinus
1217 3817 1458 3884 quidem:
1515 3812 1767 3880 „Thesea
1819 3821 2007 3884 inquit,
2064 3814 2195 3871 &tait
2247 3834 2378 3885 pour
2412 3818 2489 3869 les
2521 3813 2815 3870 Atheniens
2864 3833 2926 3870 ce
3008 3833 3077 3870 ue
3112 3817 3338 3870 Cadmus
3371 3823 3427 3868 et
3457 3815 3689 3867 Hercule
3741 3811 3937 3867 etaient
4051 3832 4114 3866 nr

559 3893 638 3944 les
671 3884 787 3941 The
824 3889 958 3954 ains3
996 3886 1136 3936 aussi
1154 3884 1211 3934 la
1243 3881 1411 3934 meme
1431 3885 1812 3946 constellation,
1882 3887 1952 3948 ui,
1986 3886 2118 3937 dans
2139 3885 2217 3937 les
2239 3887 2412 3948 cieux,
2445 3881 2748 3953 representa
2778 3885 2832 3936 10
2848 3885 2975 3938 sole·
3022 3900 3150 3936 avec
3183 3885 3260 3936 les
3294 3886 3485 3935 formes
3519 3883 3585 3934 de
3617 3882 3929 3949 l'Equinoxe
3962 3831 4115 3933 Ku-

553 3964 747 4018 tomne,
799 3952 1087 4021 Ophiulcus
1121 3967 1189 4002 ou
1222 3951 1274 4002 le
1306 3954 1643 4017 serpentaire,
1676 3958 1826 4018 porte
1848 3903 1935 4003 ί100
1968 3968 2116 4004 noms
2166 3953 2233 4003 de
2265 3950 2507 4013 Cadmus,
2541 3952 2608 4004 de
2638 3946 2846 4003 'rhu-60
2878 3957 2934 4003 et
2965 3951 3259 4002 d'Hercule.
3325 3950 3407 4001 La
3453 3950 3632 4001 fiction
3680 3966 3769 4000 sur
3809 3943 4015 4000 Thesea
4063 3953 4119 4000 et

559 4026 615 4076 la
645 4024 824 4074 fiction
857 4035 944 4071 sur
978 4018 1209 4070 Hercule
1242 4022 1361 4068 sont
1395 4017 1533 4068 deux
1566 4018 1735 4070 fables
1769 4019 1988 4070 solaires
2022 4020 2177 4070 faites
2209 4034 2299 4070 sur
2338 4018 2391 4070 le
2421 4018 2590 4071 meme
2624 4023 2782 4078 astte,
2832 4014 3033 4070 honore
3083 4033 3204 4069 sous
3256 4016 3348 4068 des
3401 4032 3550 4067 noms
3602 4016 3777 4067 divers
3810 4021 3865 4067 et
3897 4030 3991 4081 par
4026 4015 4117 4066 des

558 4090 775 4158 peuples
810 4086 1098 4147 differens,“
1139 4085 1443 4150 quibuscum
1477 4087 1775 4136 confer-amr
1812 4085 2081 4137 Ciceronis
2115 4088 2292 4152 opinio
2326 4086 2415 4151 (de
2446 4102 2499 4135 n.
2534 4085 2583 4136 d.
2617 4085 2717 4137 111.
2755 4084 2833 4147 18,
2865 4087 2970 4150 45);
3019 4086 3112 4136 sed
3144 4084 3464 4151 reipublicae
3495 4084 3769 4146 institutio,
3802 4083 3991 4134 divisio
4025 4097 4115 4148 po·

558 4158 687 4224 puli,
720 4169 939 4206 munera
970 4157 1023 4203 et
1056 4152 1242 4213 officia,
1279 4165 1414 4217 quae
1448 4152 1716 4203 ordinibus
1751 4154 2102 4219 praescripsit,
2153 4168 2280 4202 cura
2310 4151 2676 4218 agriculturae,
2710 4152 2796 4201 cui
2827 4152 3061 4203 Theseus
3098 4165 3427 4218 summopere
3459 4151 3683 4212 favebat,
3735 4149 3922 4215 quibus
3954 4149 4117 4200 adnu-

558 4238 717 4285 mera,
773 4220 914 4287 quod
947 4219 1198 4278 exulavit,
1250 4234 1357 4270 non
1389 4218 1593 4283 physici
1629 4234 1745 4270 esse
1778 4221 2025 4271 videntur
2058 4220 2325 4274 momenti.
2381 4218 2474 4269 sed
2522 4225 2738 4271 monent
2790 4225 2999 4285 praeter
3047 4219 3307 4270 Theseum
3341 4218 3490 4269 illum
3539 4217 3819 4269 molestam
3852 4215 4116 4266 hominem

563 4303 769 4357 quoque
804 4289 1063 4338 Theseum
1096 4287 1153 4335 in
1185 4286 1336 4335 terris
1369 4286 1531 4335 vitam
1567 4284 1771 4351 degisse
1807 4286 2061 4339 cultorem
2092 4285 2353 4352 Apollinis
2384 4288 2709 4352 mitiorisque
2742 4289 2853 4338 eius
2887 4286 3072 4337 cultus.

763 4355 795 4403 2
886 4353 985 4405 Th.
1022 4353 1332 4414 Mommsen,
1366 4356 1498 4406 rom.
1538 4351 1726 4407 Gesch.
1759 4353 1801 4406 1.
1836 4369 1887 4419 p.
1930 4355 2002 4402 ¹5.

764 4423 795 4468 3
885 4421 1026 4471 Plut.
1062 4419 1211 4469 Sulla
1245 4419 1323 4468 17.
2883 4457 2916 4475 r

758 4487 811 4552 4)
882 4486 1168 4538 Gebelinus
1201 4486 1395 4536 erravit
1427 4499 1545 4534 cum
1578 4484 1806 4537 diceret:
1843 4485 2218 4551 Commencons
2288 4500 2348 4535 ar
2381 4485 2434 4537 le
2468 4486 2777 4537 Minotaure.
2816 4485 2890 4536 Ce
2924 4491 3033 4535 mot
3066 4491 3145 4537 est
3177 4477 3419 4551 compos&
3452 4482 3524 4532 du
3555 4497 3681 4532 nom
3716 4482 3782 4532 de
3804 4481 4014 4531 Minas
4062 4481 4115 4528 et

552 4555 630 4605 du
662 4558 773 4603 mot
803 4558 1112 4605 tauream
1165 4552 1290 4603 c'est
1321 4547 1627 4613 mot-a-mot,
1661 4550 1722 4603 le
1773 4553 2070 4603 Taureau
2120 4551 2195 4603 de
2285 4555 2443 4603 inca.
2511 4552 2684 4603 Minos
2719 4550 2986 4603 lui-meme
3018 4559 3098 4603 est
3128 4568 3200 4602 un
3235 4551 3327 4601 des
3360 4565 3508 4600 noms
3543 4547 3614 4599 du
3646 4548 3813 4611 soleil,
3862 4548 3915 4598 le
3946 4547 4112 4596 Mino·

564 4629 714 4672 taure
747 4625 829 4670 est
860 4619 996 4670 donc
1028 4621 1082 4671 le
1114 4628 1332 4671 taureau
1366 4618 1436 4668 du
1470 4615 1648 4682 Soleil,
1682 4618 1741 4670 le.
1766 4624 1984 4670 taureau
2017 4613 2266 4670 consacre
2297 4634 2366 4669 au
2399 4619 2565 4681 soleii,
2614 4621 2688 4671 tel
2722 4620 2875 4686 qu'on
2909 4634 2977 4670 en
3013 4619 3305 4671 consacrait
3359 4618 3489 4669 dans
3546 4630 3633 4666 ces
3667 4621 3800 4667 tems
3833 4614 4047 4664 enciens
4081 4607 4114 4660 ὲ

562 4704 623 4740 ω
678 4691 818 4818 ”¹23
882 4752 1064 4803 Cicero
1098 4753 1307 4818 quidem
1342 4752 1429 4817 (de
1461 4767 1515 4800 n.
1551 4751 1598 4801 d.
1634 4751 1705 4800 IL
1742 4752 1826 4814 27)
1860 4751 2136 4803 Minervae
2169 4767 2362 4802 nomen
2396 4768 2429 4802 a
2460 4751 2770 4803 minuenti
2792 4767 2823 4802 ο
2857 4751 2945 4803 vel
2977 4751 3294 4803 minando
3330 4751 3539 4801 ductum
3563 4764 3679 4799 esse
3699 4746 3990 4811 suspicatus
4018 4748 4115 4805 est,

561 4819 655 4872 sed
690 4820 996 4871 recentioris
1031 4821 1214 4871 aetatis
1249 4820 1349 4868 viri
1403 4819 1685 4869 doctissimi
1751 4819 2047 4869 Minervam
2082 4818 2168 4870 vel
2203 4818 2509 4869 Menas-vam
2546 4819 2782 4884 (Quintil.
2817 4817 2861 4869 1.
2894 4822 2943 4868 4.
2981 4819 3063 4885 17)
3098 4817 3249 4870 deam
3281 4820 3485 4880 mentis,
3519 4816 3738 4866 vocibus
3771 4828 3824 4862 m
3838 4826 3908 4862 en
3918 4827 3959 4871 s,
3992 4827 4045 4860 m
4061 4824 4113 4860 e—

526 4899 531 4906 ·
561 4904 613 5004 xsn
631 4905 668 5003 ἰ,
666 4903 701 4936 ιι
719 4887 738 4936 i
757 4921 772 4948 ,
828 4889 992 4958 μένος
1047 4885 1278 5003 αὲιίῧιιξὲ,
1314 4900 1378 5001 ῗιΙι
1432 4901 1483 4934 m
1503 4900 1611 5002 (ἰὲιο
1644 4885 1821 4936 radice
1878 4890 2045 4935 ortam
2100 4899 2218 4936 esse
2272 4887 2620 4949 coniecerunt,
2676 4902 2812 4952 quae
2873 4887 3049 4953 opinio
3081 4901 3207 4936 num
3241 4887 3416 4936 verior
3448 4887 3518 4935 sit
3551 4880 3746 4932 dubito.
3814 4877 3919 4927 cfr.
3955 4877 4019 4928 G.
4054 4876 4114 4925 F.

602 4969 631 5003 c
671 4967 897 5004 oemann
1012 4988 1026 5002 .
1271 4986 1284 5000 .
1378 4988 1391 5001 .
1464 4988 1477 5000 .
1613 4987 1626 5000 .
3206 4961 3213 4971 ·

760 5019 812 5084 6)
882 4968 1010 5068 &fig-r
1024 5017 1131 5068 Cic.
1168 5018 1235 5069 de
1266 5034 1316 5067 n.
1353 5017 1402 5067 d.
1493 5019 1536 5067 Ι.
1572 5018 1653 5067 22.
1686 5016 1753 5070 55
1786 5023 1840 5069 et
1872 5033 1924 5068 n.
1961 5017 2025 5068 G.
2061 5018 2122 5067 F.
2159 5018 2546 5070 Schoemanni:
2578 5018 2727 5069 Auch
2763 5018 2933 5069 dieser
2965 5018 3133 5069 Name
3189 5019 3279 5082 (sc.
3314 5013 3596 5079 usualius)
3630 5014 3697 5064 ist
3730 5011 3869 5062 ohne
3901 5010 4117 5061 Zweifel

562 5088 893 5151 corrumpirt,
931 5087 1049 5136 eine
1083 5084 1286 5135 sichero
1317 5082 1669 5135 Emendation
1702 5084 1829 5135 aber
1861 5084 2009 5135 nicht
2039 5085 2284 5152 moglich.
2929 5121 2936 5128 .
