<?xml version="1.0" encoding="UTF-8"?>
<!DOCTYPE html PUBLIC "-//W3C//DTD XHTML 1.0 Transitional//EN"
    "http://www.w3.org/TR/xhtml1/DTD/xhtml1-transitional.dtd">
<html xmlns="http://www.w3.org/1999/xhtml" xml:lang="en" lang="en">
 <head>
  <title>
</title>
<meta http-equiv="Content-Type" content="text/html;charset=utf-8" />
  <meta name='ocr-system' content='tesseract 3.04.00' />
  <meta name='ocr-capabilities' content='ocr_page ocr_carea ocr_par ocr_line ocrx_word'/>
</head>
<body>
  <div class='ocr_page' id='page_1' title='image "./dejovecretico00henrgoog_0011.png"; bbox 0 0 4675 5859; ppageno 0'>
   <div class='ocr_carea' id='block_1_1' title="bbox 2286 408 2329 468">
    <p class='ocr_par' dir='ltr' id='par_1_1' title="bbox 2286 408 2329 468">
     <span class='ocr_line' id='line_1_1' title="bbox 2286 408 2329 468; baseline 0 -1"><span class='ocrx_word' id='word_1_1' title='bbox 2286 408 2329 468; x_wconf 68' lang='grc' dir='ltr'>Ξ)</span> 
     </span>
    </p>
   </div>
   <div class='ocr_carea' id='block_1_2' title="bbox 2225 493 2493 505">
    <p class='ocr_par' dir='ltr' id='par_1_2' title="bbox 2225 493 2493 505">
     <span class='ocr_line' id='line_1_2' title="bbox 2225 493 2493 505; baseline 0 5354"><span class='ocrx_word' id='word_1_2' title='bbox 2225 493 2493 505; x_wconf 95' lang='lat' dir='ltr'> </span> 
     </span>
    </p>
   </div>
   <div class='ocr_carea' id='block_1_3' title="bbox 516 605 4084 2497">
    <p class='ocr_par' dir='ltr' id='par_1_3' title="bbox 523 605 4080 1092">
     <span class='ocr_line' id='line_1_3' title="bbox 524 605 4080 691; baseline -0.002 -13"><span class='ocrx_word' id='word_1_3' title='bbox 524 613 798 682; x_wconf 78' lang='lat' dir='ltr'>visceret,</span> <span class='ocrx_word' id='word_1_4' title='bbox 845 631 967 673; x_wconf 90' lang='lat' dir='ltr'>non</span> <span class='ocrx_word' id='word_1_5' title='bbox 1013 607 1206 671; x_wconf 88' lang='lat' dir='ltr'>solnm</span> <span class='ocrx_word' id='word_1_6' title='bbox 1250 613 1505 671; x_wconf 87' lang='lat' dir='ltr'>naturae</span> <span class='ocrx_word' id='word_1_7' title='bbox 1547 608 1744 679; x_wconf 87' lang='lat' dir='ltr'>deum,</span> <span class='ocrx_word' id='word_1_8' title='bbox 1810 608 2125 691; x_wconf 83' lang='lat' dir='ltr'>paululum</span> <span class='ocrx_word' id='word_1_9' title='bbox 2170 630 2312 671; x_wconf 88' lang='lat' dir='ltr'>sane</span> <span class='ocrx_word' id='word_1_10' title='bbox 2355 608 2432 670; x_wconf 82' lang='lat' dir='ltr'>ad</span> <span class='ocrx_word' id='word_1_11' title='bbox 2476 608 2632 672; x_wconf 83' lang='lat' dir='ltr'>sedis</span> <span class='ocrx_word' id='word_1_12' title='bbox 2672 608 2971 672; x_wconf 84' lang='lat' dir='ltr'>rationem</span> <span class='ocrx_word' id='word_1_13' title='bbox 3019 607 3410 690; x_wconf 77' lang='lat' dir='ltr'>descriptum,</span> <span class='ocrx_word' id='word_1_14' title='bbox 3481 605 3583 667; x_wconf 89' lang='lat' dir='ltr'>sed</span> <span class='ocrx_word' id='word_1_15' title='bbox 3628 608 3810 670; x_wconf 90' lang='lat' dir='ltr'>etiam</span> <span class='ocrx_word' id='word_1_16' title='bbox 3877 607 4080 671; x_wconf 81' lang='lat' dir='ltr'>lucis</span> 
     </span>
     <span class='ocr_line' id='line_1_4' title="bbox 527 705 4077 790; baseline -0.003 -12"><span class='ocrx_word' id='word_1_17' title='bbox 527 733 799 778; x_wconf 85' lang='lat' dir='ltr'>numen</span> <span class='ocrx_word' id='word_1_18' title='bbox 863 709 1068 776; x_wconf 84' lang='lat' dir='ltr'>fuisse,</span> <span class='ocrx_word' id='word_1_19' title='bbox 1138 729 1273 770; x_wconf 86' lang='lat' dir='ltr'>cum</span> <span class='ocrx_word' id='word_1_20' title='bbox 1318 708 1523 772; x_wconf 84' lang='lat' dir='ltr'>fabula</span> <span class='ocrx_word' id='word_1_21' title='bbox 1566 706 1803 773; x_wconf 84' lang='lat' dir='ltr'>Cretica</span> <span class='ocrx_word' id='word_1_22' title='bbox 1846 716 1980 773; x_wconf 88' lang='lat' dir='ltr'>tum</span> <span class='ocrx_word' id='word_1_23' title='bbox 2024 708 2269 790; x_wconf 80' lang='lat' dir='ltr'>Jupiter</span> <span class='ocrx_word' id='word_1_24' title='bbox 2314 708 2586 786; x_wconf 79' lang='lat' dir='ltr'><strong>Lycaeus</strong></span> <span class='ocrx_word' id='word_1_25' title='bbox 2631 712 3022 774; x_wconf 83' lang='lat' dir='ltr'>demonstrat.</span> <span class='ocrx_word' id='word_1_26' title='bbox 3085 708 3190 788; x_wconf 88' lang='lat' dir='ltr'>qui</span> <span class='ocrx_word' id='word_1_27' title='bbox 3241 708 3301 770; x_wconf 87' lang='lat' dir='ltr'>in</span> <span class='ocrx_word' id='word_1_28' title='bbox 3352 705 3615 770; x_wconf 82' lang='lat' dir='ltr'>Arcadia</span> <span class='ocrx_word' id='word_1_29' title='bbox 3660 707 3867 770; x_wconf 87' lang='lat' dir='ltr'>eodem</span> <span class='ocrx_word' id='word_1_30' title='bbox 3912 706 4077 771; x_wconf 84' lang='lat' dir='ltr'>cultu</span> 
     </span>
     <span class='ocr_line' id='line_1_5' title="bbox 525 806 4076 896; baseline -0.003 -19"><span class='ocrx_word' id='word_1_31' title='bbox 525 819 709 896; x_wconf 85' lang='lat' dir='ltr'>atque</span> <span class='ocrx_word' id='word_1_32' title='bbox 738 810 989 893; x_wconf 77' lang='lat' dir='ltr'>Jupiter</span> <span class='ocrx_word' id='word_1_33' title='bbox 1019 808 1290 874; x_wconf 76' lang='lat' dir='ltr'>Creticus</span> <span class='ocrx_word' id='word_1_34' title='bbox 1332 808 1672 872; x_wconf 87' lang='lat' dir='ltr'>celebratus</span> <span class='ocrx_word' id='word_1_35' title='bbox 1718 811 1960 874; x_wconf 83' lang='lat' dir='ltr'>videtur</span> <span class='ocrx_word' id='word_1_36' title='bbox 2003 831 2162 883; x_wconf 85' lang='lat' dir='ltr'>esse;</span> <span class='ocrx_word' id='word_1_37' title='bbox 2208 810 2313 891; x_wconf 91' lang='lat' dir='ltr'>qui</span> <span class='ocrx_word' id='word_1_38' title='bbox 2356 810 2519 876; x_wconf 78' lang='lat' dir='ltr'>deus,</span> <span class='ocrx_word' id='word_1_39' title='bbox 2564 832 2700 873; x_wconf 88' lang='lat' dir='ltr'>cnm</span> <span class='ocrx_word' id='word_1_40' title='bbox 2750 808 2999 871; x_wconf 82' lang='lat' dir='ltr'>aestatis</span> <span class='ocrx_word' id='word_1_41' title='bbox 3042 811 3209 869; x_wconf 84' lang='lat' dir='ltr'>aestu</span> <span class='ocrx_word' id='word_1_42' title='bbox 3252 806 3543 871; x_wconf 85' lang='lat' dir='ltr'>terribilis</span> <span class='ocrx_word' id='word_1_43' title='bbox 3585 815 3757 874; x_wconf 79' lang='lat' dir='ltr'>esset.</span> <span class='ocrx_word' id='word_1_44' title='bbox 3804 829 3839 869; x_wconf 76' lang='lat' dir='ltr'>a</span> <span class='ocrx_word' id='word_1_45' title='bbox 3882 827 4076 869; x_wconf 88' lang='lat' dir='ltr'>sacer·</span> 
     </span>
     <span class='ocr_line' id='line_1_6' title="bbox 525 906 4076 995; baseline -0.003 -18"><span class='ocrx_word' id='word_1_46' title='bbox 525 913 665 977; x_wconf 83' lang='lat' dir='ltr'>dote</span> <span class='ocrx_word' id='word_1_47' title='bbox 710 912 790 981; x_wconf 72' lang='lat' dir='ltr'>ad</span> <span class='ocrx_word' id='word_1_48' title='bbox 840 910 1163 994; x_wconf 80' lang='lat' dir='ltr'>Hagnenis</span> <span class='ocrx_word' id='word_1_49' title='bbox 1233 911 1482 984; x_wconf 86' lang='lat' dir='ltr'>fontem,</span> <span class='ocrx_word' id='word_1_50' title='bbox 1552 913 1788 995; x_wconf 87' lang='lat' dir='ltr'>quippe·</span> <span class='ocrx_word' id='word_1_51' title='bbox 1843 913 1946 994; x_wconf 86' lang='lat' dir='ltr'>qui</span> <span class='ocrx_word' id='word_1_52' title='bbox 1993 912 2068 973; x_wconf 80' lang='lat' dir='ltr'>ab</span> <span class='ocrx_word' id='word_1_53' title='bbox 2116 934 2185 974; x_wconf 87' lang='lat' dir='ltr'>ea</span> <span class='ocrx_word' id='word_1_54' title='bbox 2228 911 2497 995; x_wconf 65' lang='lat' dir='ltr'>nympha</span> <span class='ocrx_word' id='word_1_55' title='bbox 2569 909 2855 974; x_wconf 80' lang='lat' dir='ltr'>educatus</span> <span class='ocrx_word' id='word_1_56' title='bbox 2919 913 3092 980; x_wconf 76' lang='lat' dir='ltr'>esset,</span> <span class='ocrx_word' id='word_1_57' title='bbox 3158 907 3339 971; x_wconf 86' lang='lat' dir='ltr'>sacris</span> <span class='ocrx_word' id='word_1_58' title='bbox 3401 906 3775 991; x_wconf 77' lang='lat' dir='ltr'>placabatur,</span> <span class='ocrx_word' id='word_1_59' title='bbox 3841 925 4076 990; x_wconf 83' lang='lat' dir='ltr'>querno</span> 
     </span>
     <span class='ocr_line' id='line_1_7' title="bbox 523 1009 3056 1092; baseline -0.004 -15"><span class='ocrx_word' id='word_1_60' title='bbox 523 1013 790 1086; x_wconf 87' lang='lat' dir='ltr'>termite,</span> <span class='ocrx_word' id='word_1_61' title='bbox 835 1012 940 1092; x_wconf 89' lang='lat' dir='ltr'>qui</span> <span class='ocrx_word' id='word_1_62' title='bbox 983 1030 1093 1074; x_wconf 85' lang='lat' dir='ltr'>nos</span> <span class='ocrx_word' id='word_1_63' title='bbox 1141 1010 1215 1071; x_wconf 83' lang='lat' dir='ltr'>de</span> <span class='ocrx_word' id='word_1_64' title='bbox 1258 1031 1483 1092; x_wconf 87' lang='lat' dir='ltr'>quercu</span> <span class='ocrx_word' id='word_1_65' title='bbox 1528 1009 1861 1074; x_wconf 88' lang='lat' dir='ltr'>Dodonaea</span> <span class='ocrx_word' id='word_1_66' title='bbox 1907 1012 2210 1080; x_wconf 86' lang='lat' dir='ltr'>admonet,</span> <span class='ocrx_word' id='word_1_67' title='bbox 2259 1010 2445 1074; x_wconf 83' lang='lat' dir='ltr'>font-is</span> <span class='ocrx_word' id='word_1_68' title='bbox 2487 1032 2707 1092; x_wconf 82' lang='lat' dir='ltr'>aquam</span> <span class='ocrx_word' id='word_1_69' title='bbox 2748 1013 3056 1089; x_wconf 83' lang='lat' dir='ltr'>tangente.</span> 
     </span>
    </p>

    <p class='ocr_par' dir='ltr' id='par_1_4' title="bbox 516 1106 4084 2497">
     <span class='ocr_line' id='line_1_8' title="bbox 724 1106 4081 1194; baseline -0.001 -20"><span class='ocrx_word' id='word_1_70' title='bbox 724 1110 1096 1174; x_wconf 80' lang='lat' dir='ltr'>Accedamus</span> <span class='ocrx_word' id='word_1_71' title='bbox 1139 1111 1265 1172; x_wconf 83' lang='lat' dir='ltr'>iam</span> <span class='ocrx_word' id='word_1_72' title='bbox 1312 1109 1388 1172; x_wconf 80' lang='lat' dir='ltr'>ad</span> <span class='ocrx_word' id='word_1_73' title='bbox 1436 1111 1747 1173; x_wconf 88' lang='lat' dir='ltr'>oraculum</span> <span class='ocrx_word' id='word_1_74' title='bbox 1796 1110 2280 1194; x_wconf 84' lang='lat' dir='ltr'>Delphicum,</span> <span class='ocrx_word' id='word_1_75' title='bbox 2352 1110 2510 1193; x_wconf 85' lang='lat' dir='ltr'>quod</span> <span class='ocrx_word' id='word_1_76' title='bbox 2559 1112 2758 1194; x_wconf 88' lang='lat' dir='ltr'>prima</span> <span class='ocrx_word' id='word_1_77' title='bbox 2801 1106 3002 1171; x_wconf 80' lang='lat' dir='ltr'>Tellus</span> <span class='ocrx_word' id='word_1_78' title='bbox 3048 1111 3262 1181; x_wconf 88' lang='lat' dir='ltr'>tenuit,</span> <span class='ocrx_word' id='word_1_79' title='bbox 3331 1127 3485 1189; x_wconf 79' lang='lat' dir='ltr'>quae</span> <span class='ocrx_word' id='word_1_80' title='bbox 3550 1107 3661 1167; x_wconf 78' lang='lat' dir='ltr'>dea</span> <span class='ocrx_word' id='word_1_81' title='bbox 3704 1127 3840 1169; x_wconf 89' lang='lat' dir='ltr'>cum</span> <span class='ocrx_word' id='word_1_82' title='bbox 3881 1107 4081 1172; x_wconf 86' lang='lat' dir='ltr'>homi-</span> 
     </span>
     <span class='ocr_line' id='line_1_9' title="bbox 525 1199 4074 1292; baseline -0.001 -16"><span class='ocrx_word' id='word_1_83' title='bbox 525 1233 630 1276; x_wconf 89' lang='lat' dir='ltr'>nes</span> <span class='ocrx_word' id='word_1_84' title='bbox 675 1211 831 1275; x_wconf 85' lang='lat' dir='ltr'><strong>nihil</strong></span> <span class='ocrx_word' id='word_1_85' title='bbox 876 1211 992 1275; x_wconf 89' lang='lat' dir='ltr'>nisi</span> <span class='ocrx_word' id='word_1_86' title='bbox 1040 1212 1265 1274; x_wconf 89' lang='lat' dir='ltr'>iustum</span> <span class='ocrx_word' id='word_1_87' title='bbox 1297 1199 1617 1280; x_wconf 69' lang='lat' dir='ltr'>docuisset,</span> <span class='ocrx_word' id='word_1_88' title='bbox 1662 1210 1908 1274; x_wconf 87' lang='lat' dir='ltr'>Themis</span> <span class='ocrx_word' id='word_1_89' title='bbox 1974 1220 2183 1276; x_wconf 81' lang='lat' dir='ltr'>vocata</span> <span class='ocrx_word' id='word_1_90' title='bbox 2249 1218 2357 1274; x_wconf 90' lang='lat' dir='ltr'>est.</span> <span class='ocrx_word' id='word_1_91' title='bbox 2451 1211 2620 1273; x_wconf 87' lang='lat' dir='ltr'>Idem</span> <span class='ocrx_word' id='word_1_92' title='bbox 2685 1208 2996 1271; x_wconf 84' lang='lat' dir='ltr'>oraculum</span> <span class='ocrx_word' id='word_1_93' title='bbox 3050 1207 3294 1292; x_wconf 78' lang='lat' dir='ltr'>Jupiter</span> <span class='ocrx_word' id='word_1_94' title='bbox 3337 1206 3612 1291; x_wconf 80' lang='lat' dir='ltr'>Apollini</span> <span class='ocrx_word' id='word_1_95' title='bbox 3662 1207 3907 1288; x_wconf 86' lang='lat' dir='ltr'>quidem</span> <span class='ocrx_word' id='word_1_96' title='bbox 3953 1208 4074 1273; x_wconf 83' lang='lat' dir='ltr'>filio</span> 
     </span>
     <span class='ocr_line' id='line_1_10' title="bbox 528 1306 4076 1395; baseline -0.001 -18"><span class='ocrx_word' id='word_1_97' title='bbox 528 1314 802 1383; x_wconf 75' lang='lat' dir='ltr'>tradidit,</span> <span class='ocrx_word' id='word_1_98' title='bbox 849 1314 951 1394; x_wconf 87' lang='lat' dir='ltr'>qui</span> <span class='ocrx_word' id='word_1_99' title='bbox 1000 1318 1184 1384; x_wconf 84' lang='lat' dir='ltr'>vates,</span> <span class='ocrx_word' id='word_1_100' title='bbox 1231 1311 1377 1393; x_wconf 88' lang='lat' dir='ltr'>quid</span> <span class='ocrx_word' id='word_1_101' title='bbox 1419 1321 1593 1395; x_wconf 85' lang='lat' dir='ltr'>pater</span> <span class='ocrx_word' id='word_1_102' title='bbox 1636 1313 1904 1393; x_wconf 86' lang='lat' dir='ltr'>optimus</span> <span class='ocrx_word' id='word_1_103' title='bbox 1949 1314 2250 1377; x_wconf 83' lang='lat' dir='ltr'>maximus</span> <span class='ocrx_word' id='word_1_104' title='bbox 2297 1313 2497 1381; x_wconf 81' lang='lat' dir='ltr'>vellet,</span> <span class='ocrx_word' id='word_1_105' title='bbox 2567 1312 2917 1376; x_wconf 83' lang='lat' dir='ltr'>hominibus</span> <span class='ocrx_word' id='word_1_106' title='bbox 2963 1310 3208 1383; x_wconf 79' lang='lat' dir='ltr'>diceret,</span> <span class='ocrx_word' id='word_1_107' title='bbox 3268 1308 3373 1372; x_wconf 84' lang='lat' dir='ltr'>sed</span> <span class='ocrx_word' id='word_1_108' title='bbox 3418 1306 3621 1388; x_wconf 79' lang='lat' dir='ltr'>aquila</span> <span class='ocrx_word' id='word_1_109' title='bbox 3662 1306 3857 1370; x_wconf 79' lang='lat' dir='ltr'>locata</span> <span class='ocrx_word' id='word_1_110' title='bbox 3901 1331 4076 1372; x_wconf 85' lang='lat' dir='ltr'>suum</span> 
     </span>
     <span class='ocr_line' id='line_1_11' title="bbox 522 1407 4074 1500; baseline -0.003 -20"><span class='ocrx_word' id='word_1_111' title='bbox 522 1416 714 1500; x_wconf 85' lang='lat' dir='ltr'>ipsius</span> <span class='ocrx_word' id='word_1_112' title='bbox 755 1434 881 1476; x_wconf 87' lang='lat' dir='ltr'>esse</span> <span class='ocrx_word' id='word_1_113' title='bbox 919 1412 1231 1476; x_wconf 88' lang='lat' dir='ltr'>indicavit.</span> <span class='ocrx_word' id='word_1_114' title='bbox 1316 1409 1643 1476; x_wconf 86' lang='lat' dir='ltr'>Oraculum</span> <span class='ocrx_word' id='word_1_115' title='bbox 1688 1413 1963 1494; x_wconf 86' lang='lat' dir='ltr'>profecto</span> <span class='ocrx_word' id='word_1_116' title='bbox 2009 1412 2372 1498; x_wconf 86' lang='lat' dir='ltr'>Delphicum</span> <span class='ocrx_word' id='word_1_117' title='bbox 2441 1415 2655 1497; x_wconf 81' lang='lat' dir='ltr'>magui</span> <span class='ocrx_word' id='word_1_118' title='bbox 2716 1419 2809 1476; x_wconf 90' lang='lat' dir='ltr'>est</span> <span class='ocrx_word' id='word_1_119' title='bbox 2861 1410 3171 1475; x_wconf 79' lang='lat' dir='ltr'>momenti.</span> <span class='ocrx_word' id='word_1_120' title='bbox 3260 1407 3592 1491; x_wconf 86' lang='lat' dir='ltr'>Postquam</span> <span class='ocrx_word' id='word_1_121' title='bbox 3637 1408 3799 1470; x_wconf 79' lang='lat' dir='ltr'>enini</span> <span class='ocrx_word' id='word_1_122' title='bbox 3847 1410 4074 1491; x_wconf 81' lang='lat' dir='ltr'>Apollo</span> 
     </span>
     <span class='ocr_line' id='line_1_12' title="bbox 524 1511 4069 1599; baseline -0.003 -20"><span class='ocrx_word' id='word_1_123' title='bbox 524 1515 638 1579; x_wconf 81' lang='lat' dir='ltr'>hoc</span> <span class='ocrx_word' id='word_1_124' title='bbox 682 1513 988 1577; x_wconf 82' lang='lat' dir='ltr'>oraculum</span> <span class='ocrx_word' id='word_1_125' title='bbox 1036 1512 1319 1585; x_wconf 86' lang='lat' dir='ltr'>instituit,</span> <span class='ocrx_word' id='word_1_126' title='bbox 1364 1511 1690 1576; x_wconf 72' lang='lat' dir='ltr'>meditanti</span> <span class='ocrx_word' id='word_1_127' title='bbox 1737 1513 1868 1587; x_wconf 90' lang='lat' dir='ltr'>de0‚</span> <span class='ocrx_word' id='word_1_128' title='bbox 1915 1534 2063 1596; x_wconf 85' lang='lat' dir='ltr'>quos</span> <span class='ocrx_word' id='word_1_129' title='bbox 2106 1517 2496 1599; x_wconf 85' lang='lat' dir='ltr'>potissimum</span> <span class='ocrx_word' id='word_1_130' title='bbox 2548 1515 2704 1577; x_wconf 77' lang='lat' dir='ltr'>viros</span> <span class='ocrx_word' id='word_1_131' title='bbox 2748 1511 3083 1576; x_wconf 81' lang='lat' dir='ltr'>sacerdotes</span> <span class='ocrx_word' id='word_1_132' title='bbox 3128 1516 3186 1572; x_wconf 86' lang='lat' dir='ltr'>et</span> <span class='ocrx_word' id='word_1_133' title='bbox 3231 1511 3541 1574; x_wconf 88' lang='lat' dir='ltr'>ministros</span> <span class='ocrx_word' id='word_1_134' title='bbox 3585 1511 3852 1593; x_wconf 76' lang='lat' dir='ltr'>Pythoni</span> <span class='ocrx_word' id='word_1_135' title='bbox 3895 1531 4069 1592; x_wconf 89' lang='lat' dir='ltr'>cape·</span> 
     </span>
     <span class='ocr_line' id='line_1_13' title="bbox 524 1609 4074 1696; baseline -0.002 -18"><span class='ocrx_word' id='word_1_136' title='bbox 524 1621 634 1689; x_wconf 91' lang='lat' dir='ltr'>ret,</span> <span class='ocrx_word' id='word_1_137' title='bbox 680 1617 1043 1677; x_wconf 70' lang='lat' dir='ltr'>mercatores</span> <span class='ocrx_word' id='word_1_138' title='bbox 1077 1613 1292 1676; x_wconf 87' lang='lat' dir='ltr'>Gnosii</span> <span class='ocrx_word' id='word_1_139' title='bbox 1338 1634 1493 1676; x_wconf 80' lang='lat' dir='ltr'>nave</span> <span class='ocrx_word' id='word_1_140' title='bbox 1524 1617 1932 1686; x_wconf 79' lang='lat' dir='ltr'>occurrerunt,</span> <span class='ocrx_word' id='word_1_141' title='bbox 1977 1637 2126 1695; x_wconf 89' lang='lat' dir='ltr'>quos</span> <span class='ocrx_word' id='word_1_142' title='bbox 2170 1620 2504 1679; x_wconf 76' lang='lat' dir='ltr'>sacerdotes</span> <span class='ocrx_word' id='word_1_143' title='bbox 2534 1611 2700 1696; x_wconf 85' lang='lat' dir='ltr'>legit.</span> <span class='ocrx_word' id='word_1_144' title='bbox 2748 1612 2844 1675; x_wconf 89' lang='lat' dir='ltr'>Ita</span> <span class='ocrx_word' id='word_1_145' title='bbox 2887 1611 3104 1683; x_wconf 80' lang='lat' dir='ltr'>evenit,</span> <span class='ocrx_word' id='word_1_146' title='bbox 3143 1614 3211 1673; x_wconf 90' lang='lat' dir='ltr'>ut</span> <span class='ocrx_word' id='word_1_147' title='bbox 3245 1611 3308 1672; x_wconf 90' lang='lat' dir='ltr'>in</span> <span class='ocrx_word' id='word_1_148' title='bbox 3333 1611 3532 1675; x_wconf 90' lang='lat' dir='ltr'>locum</span> <span class='ocrx_word' id='word_1_149' title='bbox 3557 1610 3816 1673; x_wconf 81' lang='lat' dir='ltr'>Telluris</span> <span class='ocrx_word' id='word_1_150' title='bbox 3845 1609 4074 1673; x_wconf 88' lang='lat' dir='ltr'>oraculi</span> 
     </span>
     <span class='ocr_line' id='line_1_14' title="bbox 523 1710 4069 1797; baseline -0.002 -17"><span class='ocrx_word' id='word_1_151' title='bbox 523 1715 833 1780; x_wconf 84' lang='lat' dir='ltr'>oraculum</span> <span class='ocrx_word' id='word_1_152' title='bbox 877 1713 1050 1778; x_wconf 82' lang='lat' dir='ltr'>Jovis</span> <span class='ocrx_word' id='word_1_153' title='bbox 1100 1712 1487 1797; x_wconf 81' lang='lat' dir='ltr'>Apollineum</span> <span class='ocrx_word' id='word_1_154' title='bbox 1531 1716 1875 1778; x_wconf 78' lang='lat' dir='ltr'>succederet</span> <span class='ocrx_word' id='word_1_155' title='bbox 1918 1738 1954 1777; x_wconf 90' lang='lat' dir='ltr'>a</span> <span class='ocrx_word' id='word_1_156' title='bbox 2008 1713 2396 1780; x_wconf 84' lang='lat' dir='ltr'>Cretensibus</span> <span class='ocrx_word' id='word_1_157' title='bbox 2438 1719 2811 1784; x_wconf 82' lang='lat' dir='ltr'>renovatum,</span> <span class='ocrx_word' id='word_1_158' title='bbox 2857 1711 2962 1793; x_wconf 90' lang='lat' dir='ltr'>qui</span> <span class='ocrx_word' id='word_1_159' title='bbox 3007 1711 3344 1773; x_wconf 79' lang='lat' dir='ltr'>sacerdotes</span> <span class='ocrx_word' id='word_1_160' title='bbox 3393 1710 3644 1793; x_wconf 64' lang='lat' dir='ltr'>longum</span> <span class='ocrx_word' id='word_1_161' title='bbox 3688 1732 3798 1791; x_wconf 84' lang='lat' dir='ltr'>per</span> <span class='ocrx_word' id='word_1_162' title='bbox 3827 1719 4069 1793; x_wconf 85' lang='lat' dir='ltr'>tempus</span> 
     </span>
     <span class='ocr_line' id='line_1_15' title="bbox 523 1812 4079 1900; baseline -0.001 -21"><span class='ocrx_word' id='word_1_163' title='bbox 523 1817 936 1900; x_wconf 78' lang='lat' dir='ltr'>principatum</span> <span class='ocrx_word' id='word_1_164' title='bbox 1003 1814 1375 1877; x_wconf 86' lang='lat' dir='ltr'>obtinebant.</span> <span class='ocrx_word' id='word_1_165' title='bbox 1465 1814 1695 1887; x_wconf 82' lang='lat' dir='ltr'>Quarto</span> <span class='ocrx_word' id='word_1_166' title='bbox 1738 1817 1899 1877; x_wconf 89' lang='lat' dir='ltr'>enim</span> <span class='ocrx_word' id='word_1_167' title='bbox 1933 1817 2181 1899; x_wconf 86' lang='lat' dir='ltr'>&#39;quoqne</span> <span class='ocrx_word' id='word_1_168' title='bbox 2224 1838 2383 1880; x_wconf 89' lang='lat' dir='ltr'>anno</span> <span class='ocrx_word' id='word_1_169' title='bbox 2433 1814 2681 1898; x_wconf 89' lang='lat' dir='ltr'>Delphis</span> <span class='ocrx_word' id='word_1_170' title='bbox 2725 1834 2882 1884; x_wconf 74' lang='lat' dir='ltr'>vere,</span> <span class='ocrx_word' id='word_1_171' title='bbox 2949 1831 3068 1893; x_wconf 86' lang='lat' dir='ltr'>quo</span> <span class='ocrx_word' id='word_1_172' title='bbox 3135 1816 3410 1893; x_wconf 87' lang='lat' dir='ltr'>tempore</span> <span class='ocrx_word' id='word_1_173' title='bbox 3483 1819 3699 1873; x_wconf 86' lang='lat' dir='ltr'>natura</span> <span class='ocrx_word' id='word_1_174' title='bbox 3747 1812 4079 1884; x_wconf 76' lang='lat' dir='ltr'>reviviscit,</span> 
     </span>
     <span class='ocr_line' id='line_1_16' title="bbox 523 1910 4076 1997; baseline -0.001 -19"><span class='ocrx_word' id='word_1_175' title='bbox 523 1923 630 1981; x_wconf 89' lang='lat' dir='ltr'>aut</span> <span class='ocrx_word' id='word_1_176' title='bbox 673 1922 1019 1992; x_wconf 81' lang='lat' dir='ltr'>auctumno,</span> <span class='ocrx_word' id='word_1_177' title='bbox 1098 1934 1203 1977; x_wconf 76' lang='lat' dir='ltr'>um</span> <span class='ocrx_word' id='word_1_178' title='bbox 1248 1912 1498 1975; x_wconf 85' lang='lat' dir='ltr'>numina</span> <span class='ocrx_word' id='word_1_179' title='bbox 1541 1911 1781 1976; x_wconf 83' lang='lat' dir='ltr'>Tartari</span> <span class='ocrx_word' id='word_1_180' title='bbox 1827 1915 2125 1977; x_wconf 82' lang='lat' dir='ltr'>horrenda</span> <span class='ocrx_word' id='word_1_181' title='bbox 2168 1918 2347 1980; x_wconf 88' lang='lat' dir='ltr'>deum</span> <span class='ocrx_word' id='word_1_182' title='bbox 2390 1935 2680 1984; x_wconf 57' lang='lat' dir='ltr'>anorum</span> <span class='ocrx_word' id='word_1_183' title='bbox 2723 1913 3051 1997; x_wconf 87' lang='lat' dir='ltr'>benignum</span> <span class='ocrx_word' id='word_1_184' title='bbox 3109 1910 3438 1973; x_wconf 84' lang='lat' dir='ltr'>detractum</span> <span class='ocrx_word' id='word_1_185' title='bbox 3485 1912 3848 1986; x_wconf 81' lang='lat' dir='ltr'>lacerabant,</span> <span class='ocrx_word' id='word_1_186' title='bbox 3921 1935 4076 1996; x_wconf 85' lang='lat' dir='ltr'>quae</span> 
     </span>
     <span class='ocr_line' id='line_1_17' title="bbox 521 2010 4075 2100; baseline -0.001 -20"><span class='ocrx_word' id='word_1_187' title='bbox 521 2018 729 2100; x_wconf 89' lang='lat' dir='ltr'>opinio</span> <span class='ocrx_word' id='word_1_188' title='bbox 773 2014 989 2078; x_wconf 68' lang='lat' dir='ltr'>‚Jovem</span> <span class='ocrx_word' id='word_1_189' title='bbox 1033 2013 1341 2077; x_wconf 88' lang='lat' dir='ltr'>Creticum</span> <span class='ocrx_word' id='word_1_190' title='bbox 1388 2014 1450 2075; x_wconf 92' lang='lat' dir='ltr'>in</span> <span class='ocrx_word' id='word_1_191' title='bbox 1492 2012 1855 2078; x_wconf 82' lang='lat' dir='ltr'>memoriam</span> <span class='ocrx_word' id='word_1_192' title='bbox 1900 2021 2157 2086; x_wconf 81' lang='lat' dir='ltr'>revocat,</span> <span class='ocrx_word' id='word_1_193' title='bbox 2204 2016 2488 2099; x_wconf 71' lang='lat' dir='ltr'>Apollo&#39;l)</span> <span class='ocrx_word' id='word_1_194' title='bbox 2536 2014 2635 2076; x_wconf 88' lang='lat' dir='ltr'>die</span> <span class='ocrx_word' id='word_1_195' title='bbox 2675 2012 2997 2075; x_wconf 84' lang='lat' dir='ltr'>festissimo</span> <span class='ocrx_word' id='word_1_196' title='bbox 3077 2010 3508 2086; x_wconf 81' lang='lat' dir='ltr'>celebrabatur,</span> <span class='ocrx_word' id='word_1_197' title='bbox 3577 2033 3697 2094; x_wconf 87' lang='lat' dir='ltr'>quo</span> <span class='ocrx_word' id='word_1_198' title='bbox 3740 2011 3835 2074; x_wconf 91' lang='lat' dir='ltr'>die</span> <span class='ocrx_word' id='word_1_199' title='bbox 3880 2019 4075 2077; x_wconf 83' lang='lat' dir='ltr'>veter-</span> 
     </span>
     <span class='ocr_line' id='line_1_18' title="bbox 516 2110 4084 2195; baseline -0.001 -16"><span class='ocrx_word' id='word_1_200' title='bbox 516 2117 741 2179; x_wconf 85' lang='lat' dir='ltr'>rimum</span> <span class='ocrx_word' id='word_1_201' title='bbox 782 2115 1085 2178; x_wconf 86' lang='lat' dir='ltr'>certamen</span> <span class='ocrx_word' id='word_1_202' title='bbox 1131 2113 1391 2195; x_wconf 71' lang='lat' dir='ltr'>hymnus</span> <span class='ocrx_word' id='word_1_203' title='bbox 1434 2113 1512 2176; x_wconf 86' lang='lat' dir='ltr'>ad</span> <span class='ocrx_word' id='word_1_204' title='bbox 1556 2112 1853 2177; x_wconf 88' lang='lat' dir='ltr'>citharam</span> <span class='ocrx_word' id='word_1_205' title='bbox 1898 2120 2175 2178; x_wconf 87' lang='lat' dir='ltr'>cantatus</span> <span class='ocrx_word' id='word_1_206' title='bbox 2217 2115 2398 2178; x_wconf 85' lang='lat' dir='ltr'>fuisse</span> <span class='ocrx_word' id='word_1_207' title='bbox 2440 2116 2651 2178; x_wconf 59' lang='lat' dir='ltr'>fertur.</span> <span class='ocrx_word' id='word_1_208' title='bbox 2738 2112 2832 2175; x_wconf 79' lang='lat' dir='ltr'>Ex</span> <span class='ocrx_word' id='word_1_209' title='bbox 2899 2111 3012 2175; x_wconf 89' lang='lat' dir='ltr'>hoc</span> <span class='ocrx_word' id='word_1_210' title='bbox 3077 2110 3220 2173; x_wconf 91' lang='lat' dir='ltr'>ludo</span> <span class='ocrx_word' id='word_1_211' title='bbox 3289 2110 3566 2174; x_wconf 80' lang='lat' dir='ltr'>sollemni</span> <span class='ocrx_word' id='word_1_212' title='bbox 3610 2113 3839 2195; x_wconf 89' lang='lat' dir='ltr'>primus</span> <span class='ocrx_word' id='word_1_213' title='bbox 3883 2115 4084 2176; x_wconf 77' lang='lat' dir='ltr'>victor</span> 
     </span>
     <span class='ocr_line' id='line_1_19' title="bbox 522 2201 4077 2300; baseline -0.001 -20"><span class='ocrx_word' id='word_1_214' title='bbox 522 2215 976 2300; x_wconf 84' lang='lat' dir='ltr'>Chrysothemis</span> <span class='ocrx_word' id='word_1_215' title='bbox 1021 2213 1323 2277; x_wconf 77' lang='lat' dir='ltr'>Cretensis</span> <span class='ocrx_word' id='word_1_216' title='bbox 1364 2214 1573 2284; x_wconf 81' lang='lat' dir='ltr'>evasit,</span> <span class='ocrx_word' id='word_1_217' title='bbox 1622 2214 1791 2277; x_wconf 84' lang='lat' dir='ltr'>cuius</span> <span class='ocrx_word' id='word_1_218' title='bbox 1835 2218 2012 2296; x_wconf 87' lang='lat' dir='ltr'>pater</span> <span class='ocrx_word' id='word_1_219' title='bbox 2054 2213 2383 2278; x_wconf 88' lang='lat' dir='ltr'>Carmanor</span> <span class='ocrx_word' id='word_1_220' title='bbox 2426 2201 2774 2296; x_wconf 81' lang='lat' dir='ltr'>Apollinem</span> <span class='ocrx_word' id='word_1_221' title='bbox 2818 2212 2999 2275; x_wconf 86' lang='lat' dir='ltr'>caede</span> <span class='ocrx_word' id='word_1_222' title='bbox 3044 2216 3428 2292; x_wconf 63' lang='lat' dir='ltr'>purgaverat,</span> <span class='ocrx_word' id='word_1_223' title='bbox 3499 2212 3652 2274; x_wconf 86' lang='lat' dir='ltr'>alter</span> <span class='ocrx_word' id='word_1_224' title='bbox 3699 2211 4077 2277; x_wconf 84' lang='lat' dir='ltr'>Philammon</span> 
     </span>
     <span class='ocr_line' id='line_1_20' title="bbox 521 2309 4075 2396; baseline -0.001 -14"><span class='ocrx_word' id='word_1_225' title='bbox 521 2317 839 2384; x_wconf 79' lang='lat' dir='ltr'>Cretensis,</span> <span class='ocrx_word' id='word_1_226' title='bbox 885 2314 1101 2376; x_wconf 86' lang='lat' dir='ltr'>tertius</span> <span class='ocrx_word' id='word_1_227' title='bbox 1148 2311 1471 2394; x_wconf 83' lang='lat' dir='ltr'>Thamyris</span> <span class='ocrx_word' id='word_1_228' title='bbox 1512 2309 1952 2377; x_wconf 85' lang='lat' dir='ltr'>Philammonis</span> <span class='ocrx_word' id='word_1_229' title='bbox 1997 2313 2171 2379; x_wconf 86' lang='lat' dir='ltr'>filius.</span> <span class='ocrx_word' id='word_1_230' title='bbox 2253 2313 2775 2377; x_wconf 82' lang='lat' dir='ltr'>Demonstravisse</span> <span class='ocrx_word' id='word_1_231' title='bbox 2805 2312 2998 2396; x_wconf 86' lang='lat' dir='ltr'>igitur</span> <span class='ocrx_word' id='word_1_232' title='bbox 3027 2332 3124 2373; x_wconf 87' lang='lat' dir='ltr'>me</span> <span class='ocrx_word' id='word_1_233' title='bbox 3155 2315 3304 2394; x_wconf 87' lang='lat' dir='ltr'>puto</span> <span class='ocrx_word' id='word_1_234' title='bbox 3347 2332 3481 2374; x_wconf 88' lang='lat' dir='ltr'>cum</span> <span class='ocrx_word' id='word_1_235' title='bbox 3530 2312 3878 2375; x_wconf 86' lang='lat' dir='ltr'>numinibus</span> <span class='ocrx_word' id='word_1_236' title='bbox 3930 2313 4075 2377; x_wconf 85' lang='lat' dir='ltr'>Cre-</span> 
     </span>
     <span class='ocr_line' id='line_1_21' title="bbox 518 2410 3086 2497; baseline -0.002 -17"><span class='ocrx_word' id='word_1_237' title='bbox 518 2417 654 2480; x_wconf 86' lang='lat' dir='ltr'>ticis</span> <span class='ocrx_word' id='word_1_238' title='bbox 696 2414 1011 2497; x_wconf 80' lang='lat' dir='ltr'>implicata</span> <span class='ocrx_word' id='word_1_239' title='bbox 1050 2411 1371 2475; x_wconf 87' lang='lat' dir='ltr'>cohaerere</span> <span class='ocrx_word' id='word_1_240' title='bbox 1415 2413 1674 2475; x_wconf 89' lang='lat' dir='ltr'>numina·</span> <span class='ocrx_word' id='word_1_241' title='bbox 1707 2410 1955 2475; x_wconf 82' lang='lat' dir='ltr'>Graeca.</span> <span class='ocrx_word' id='word_1_242' title='bbox 2045 2414 2247 2495; x_wconf 87' lang='lat' dir='ltr'>Atque</span> <span class='ocrx_word' id='word_1_243' title='bbox 2290 2413 2441 2475; x_wconf 87' lang='lat' dir='ltr'>haec</span> <span class='ocrx_word' id='word_1_244' title='bbox 2491 2413 2739 2494; x_wconf 88' lang='lat' dir='ltr'>quidem</span> <span class='ocrx_word' id='word_1_245' title='bbox 2781 2412 3086 2475; x_wconf 87' lang='lat' dir='ltr'>hactenus.</span> 
     </span>
    </p>
   </div>
   <div class='ocr_carea' id='block_1_4' title="bbox 2266 2629 2375 2696">
    <p class='ocr_par' dir='ltr' id='par_1_5' title="bbox 2266 2629 2375 2696">
     <span class='ocr_line' id='line_1_22' title="bbox 2266 2629 2375 2696; baseline 0.018 -2"><span class='ocrx_word' id='word_1_246' title='bbox 2266 2629 2375 2696; x_wconf 85' lang='lat' dir='ltr'>lv.</span> 
     </span>
    </p>
   </div>
   <div class='ocr_carea' id='block_1_5' title="bbox 520 2807 4089 4495">
    <p class='ocr_par' dir='ltr' id='par_1_6' title="bbox 520 2807 4089 3692">
     <span class='ocr_line' id='line_1_23' title="bbox 722 2807 4089 2895; baseline 0.001 -21"><span class='ocrx_word' id='word_1_247' title='bbox 722 2809 899 2874; x_wconf 88' lang='lat' dir='ltr'>Nunc</span> <span class='ocrx_word' id='word_1_248' title='bbox 939 2807 1350 2891; x_wconf 88' lang='lat' dir='ltr'>quaerendum</span> <span class='ocrx_word' id='word_1_249' title='bbox 1396 2808 1653 2880; x_wconf 66' lang='lat' dir='ltr'>videtur,</span> <span class='ocrx_word' id='word_1_250' title='bbox 1724 2810 1786 2873; x_wconf 91' lang='lat' dir='ltr'>in</span> <span class='ocrx_word' id='word_1_251' title='bbox 1831 2813 2048 2893; x_wconf 88' lang='lat' dir='ltr'>quibus</span> <span class='ocrx_word' id='word_1_252' title='bbox 2091 2815 2436 2879; x_wconf 71' lang='lat' dir='ltr'>numinibus</span> <span class='ocrx_word' id='word_1_253' title='bbox 2483 2816 2894 2879; x_wconf 69' lang='lat' dir='ltr'>numerandus</span> <span class='ocrx_word' id='word_1_254' title='bbox 2936 2814 3016 2875; x_wconf 90' lang='lat' dir='ltr'>sit</span> <span class='ocrx_word' id='word_1_255' title='bbox 3058 2811 3304 2895; x_wconf 83' lang='lat' dir='ltr'>Jupiter</span> <span class='ocrx_word' id='word_1_256' title='bbox 3359 2812 3646 2880; x_wconf 82' lang='lat' dir='ltr'>Creticus,</span> <span class='ocrx_word' id='word_1_257' title='bbox 3716 2814 3850 2894; x_wconf 84' lang='lat' dir='ltr'>quis</span> <span class='ocrx_word' id='word_1_258' title='bbox 3896 2814 4089 2878; x_wconf 79' lang='lat' dir='ltr'>fuerit</span> 
     </span>
     <span class='ocr_line' id='line_1_24' title="bbox 520 2897 4073 2995; baseline -0.001 -16"><span class='ocrx_word' id='word_1_259' title='bbox 520 2920 615 2979; x_wconf 87' lang='lat' dir='ltr'>tot</span> <span class='ocrx_word' id='word_1_260' title='bbox 654 2914 958 2993; x_wconf 87' lang='lat' dir='ltr'>tantisque</span> <span class='ocrx_word' id='word_1_261' title='bbox 1020 2907 1246 2971; x_wconf 84' lang='lat' dir='ltr'>fabulis</span> <span class='ocrx_word' id='word_1_262' title='bbox 1309 2907 1661 2972; x_wconf 89' lang='lat' dir='ltr'>decantatus</span> <span class='ocrx_word' id='word_1_263' title='bbox 1729 2897 2126 2976; x_wconf 79' lang='lat' dir='ltr'>Minotaurus.</span> <span class='ocrx_word' id='word_1_264' title='bbox 2222 2913 2433 2978; x_wconf 81' lang='lat' dir='ltr'>Paucis</span> <span class='ocrx_word' id='word_1_265' title='bbox 2497 2922 2653 2978; x_wconf 89' lang='lat' dir='ltr'>tene.</span> <span class='ocrx_word' id='word_1_266' title='bbox 2743 2914 3090 2988; x_wconf 75' lang='lat' dir='ltr'>Minoem-2),</span> <span class='ocrx_word' id='word_1_267' title='bbox 3158 2910 3348 2974; x_wconf 89' lang='lat' dir='ltr'>filium</span> <span class='ocrx_word' id='word_1_268' title='bbox 3413 2911 3583 2975; x_wconf 83' lang='lat' dir='ltr'>Jovis</span> <span class='ocrx_word' id='word_1_269' title='bbox 3647 2918 3707 2975; x_wconf 89' lang='lat' dir='ltr'>et</span> <span class='ocrx_word' id='word_1_270' title='bbox 3773 2912 4073 2995; x_wconf 84' lang='lat' dir='ltr'>Europae,</span> 
     </span>
     <span class='ocr_line' id='line_1_25' title="bbox 522 3008 4076 3098; baseline -0.001 -19"><span class='ocrx_word' id='word_1_271' title='bbox 522 3017 765 3079; x_wconf 87' lang='lat' dir='ltr'>Asterio</span> <span class='ocrx_word' id='word_1_272' title='bbox 808 3031 952 3095; x_wconf 89' lang='lat' dir='ltr'>rege</span> <span class='ocrx_word' id='word_1_273' title='bbox 997 3012 1252 3079; x_wconf 80' lang='lat' dir='ltr'>mortuo,</span> <span class='ocrx_word' id='word_1_274' title='bbox 1325 3008 1530 3071; x_wconf 86' lang='lat' dir='ltr'>ferunt</span> <span class='ocrx_word' id='word_1_275' title='bbox 1575 3009 1813 3072; x_wconf 88' lang='lat' dir='ltr'>fabulae</span> <span class='ocrx_word' id='word_1_276' title='bbox 1886 3033 2141 3096; x_wconf 76' lang='lat' dir='ltr'>regnum</span> <span class='ocrx_word' id='word_1_277' title='bbox 2186 3014 2401 3078; x_wconf 84' lang='lat' dir='ltr'>Cretae</span> <span class='ocrx_word' id='word_1_278' title='bbox 2445 3016 2730 3098; x_wconf 81' lang='lat' dir='ltr'>petivisse</span> <span class='ocrx_word' id='word_1_279' title='bbox 2775 3020 2836 3076; x_wconf 91' lang='lat' dir='ltr'>et</span> <span class='ocrx_word' id='word_1_280' title='bbox 2879 3013 3227 3094; x_wconf 82' lang='lat' dir='ltr'>legitimum</span> <span class='ocrx_word' id='word_1_281' title='bbox 3300 3013 3472 3095; x_wconf 83' lang='lat' dir='ltr'>regni</span> <span class='ocrx_word' id='word_1_282' title='bbox 3546 3032 3942 3076; x_wconf 87' lang='lat' dir='ltr'>successorem</span> <span class='ocrx_word' id='word_1_283' title='bbox 4014 3037 4076 3077; x_wconf 88' lang='lat' dir='ltr'>se</span> 
     </span>
     <span class='ocr_line' id='line_1_26' title="bbox 521 3097 4073 3200; baseline -0 -22"><span class='ocrx_word' id='word_1_284' title='bbox 521 3137 647 3178; x_wconf 89' lang='lat' dir='ltr'>esse</span> <span class='ocrx_word' id='word_1_285' title='bbox 690 3109 987 3176; x_wconf 87' lang='lat' dir='ltr'>miraculo</span> <span class='ocrx_word' id='word_1_286' title='bbox 1030 3107 1292 3189; x_wconf 88' lang='lat' dir='ltr'>quodam</span> <span class='ocrx_word' id='word_1_287' title='bbox 1337 3107 1585 3171; x_wconf 85' lang='lat' dir='ltr'>deorum</span> <span class='ocrx_word' id='word_1_288' title='bbox 1632 3108 2148 3188; x_wconf 82' lang='lat' dir='ltr'>demonstravisse,</span> <span class='ocrx_word' id='word_1_289' title='bbox 2223 3136 2357 3178; x_wconf 69' lang='lat' dir='ltr'>cuin</span> <span class='ocrx_word' id='word_1_290' title='bbox 2402 3097 2725 3200; x_wconf 75' lang='lat' dir='ltr'>Neptunus</span> <span class='ocrx_word' id='word_1_291' title='bbox 2772 3121 3012 3176; x_wconf 84' lang='lat' dir='ltr'>taurum</span> <span class='ocrx_word' id='word_1_292' title='bbox 3057 3111 3490 3175; x_wconf 84' lang='lat' dir='ltr'>immolandum</span> <span class='ocrx_word' id='word_1_293' title='bbox 3536 3113 3798 3175; x_wconf 89' lang='lat' dir='ltr'>misisset</span> <span class='ocrx_word' id='word_1_294' title='bbox 3841 3116 4073 3197; x_wconf 69' lang='lat' dir='ltr'>specio·-</span> 
     </span>
     <span class='ocr_line' id='line_1_27' title="bbox 523 3207 4078 3296; baseline -0.001 -17"><span class='ocrx_word' id='word_1_295' title='bbox 523 3216 842 3279; x_wconf 83' lang='lat' dir='ltr'>sissimum.</span> <span class='ocrx_word' id='word_1_296' title='bbox 930 3209 1063 3284; x_wconf 86' lang='lat' dir='ltr'>Qua</span> <span class='ocrx_word' id='word_1_297' title='bbox 1132 3207 1330 3269; x_wconf 82' lang='lat' dir='ltr'>bestia</span> <span class='ocrx_word' id='word_1_298' title='bbox 1389 3215 1621 3270; x_wconf 88' lang='lat' dir='ltr'>semota</span> <span class='ocrx_word' id='word_1_299' title='bbox 1686 3230 1824 3273; x_wconf 90' lang='lat' dir='ltr'>cum</span> <span class='ocrx_word' id='word_1_300' title='bbox 1895 3213 2255 3276; x_wconf 54' lang='lat' dir='ltr'>deteriorem</span> <span class='ocrx_word' id='word_1_301' title='bbox 2299 3216 2730 3280; x_wconf 82' lang='lat' dir='ltr'>immolavisset</span> <span class='ocrx_word' id='word_1_302' title='bbox 2778 3214 2995 3283; x_wconf 80' lang='lat' dir='ltr'>Minos,</span> <span class='ocrx_word' id='word_1_303' title='bbox 3075 3208 3428 3294; x_wconf 73' lang='lat' dir='ltr'>Neptunum</span> <span class='ocrx_word' id='word_1_304' title='bbox 3473 3213 3694 3275; x_wconf 84' lang='lat' dir='ltr'>iratum</span> <span class='ocrx_word' id='word_1_305' title='bbox 3740 3211 4078 3296; x_wconf 84' lang='lat' dir='ltr'>Pasiphaae</span> 
     </span>
     <span class='ocr_line' id='line_1_28' title="bbox 527 3305 4070 3399; baseline -0 -21"><span class='ocrx_word' id='word_1_306' title='bbox 527 3315 689 3399; x_wconf 81' lang='lat' dir='ltr'>regis</span> <span class='ocrx_word' id='word_1_307' title='bbox 732 3309 923 3381; x_wconf 84' lang='lat' dir='ltr'>uxori,</span> <span class='ocrx_word' id='word_1_308' title='bbox 998 3308 1154 3372; x_wconf 85' lang='lat' dir='ltr'>Solis</span> <span class='ocrx_word' id='word_1_309' title='bbox 1197 3313 1258 3369; x_wconf 91' lang='lat' dir='ltr'>et</span> <span class='ocrx_word' id='word_1_310' title='bbox 1300 3305 1597 3370; x_wconf 87' lang='lat' dir='ltr'>Perseidis</span> <span class='ocrx_word' id='word_1_311' title='bbox 1654 3309 1830 3382; x_wconf 80' lang='lat' dir='ltr'>filiae,</span> <span class='ocrx_word' id='word_1_312' title='bbox 1905 3311 2138 3374; x_wconf 87' lang='lat' dir='ltr'>iuvenci</span> <span class='ocrx_word' id='word_1_313' title='bbox 2184 3312 2546 3379; x_wconf 80' lang='lat' dir='ltr'>desiderium</span> <span class='ocrx_word' id='word_1_314' title='bbox 2593 3316 2882 3394; x_wconf 54' lang='lat' dir='ltr'>iniecisse,</span> <span class='ocrx_word' id='word_1_315' title='bbox 2960 3319 3028 3375; x_wconf 87' lang='lat' dir='ltr'>ut</span> <span class='ocrx_word' id='word_1_316' title='bbox 3087 3316 3431 3374; x_wconf 87' lang='lat' dir='ltr'>nasceretur</span> <span class='ocrx_word' id='word_1_317' title='bbox 3493 3311 3794 3376; x_wconf 84' lang='lat' dir='ltr'>Minotam</span> <span class='ocrx_word' id='word_1_318' title='bbox 3809 3335 3890 3387; x_wconf 78' lang='lat' dir='ltr'>us,</span> <span class='ocrx_word' id='word_1_319' title='bbox 3965 3315 4070 3396; x_wconf 90' lang='lat' dir='ltr'>qui</span> 
     </span>
     <span class='ocr_line' id='line_1_29' title="bbox 525 3409 4074 3496; baseline 0 -19"><span class='ocrx_word' id='word_1_320' title='bbox 525 3434 711 3496; x_wconf 85' lang='lat' dir='ltr'>usqne</span> <span class='ocrx_word' id='word_1_321' title='bbox 756 3411 828 3472; x_wconf 82' lang='lat' dir='ltr'>ad</span> <span class='ocrx_word' id='word_1_322' title='bbox 876 3409 1161 3471; x_wconf 89' lang='lat' dir='ltr'>humeros</span> <span class='ocrx_word' id='word_1_323' title='bbox 1201 3412 1428 3470; x_wconf 77' lang='lat' dir='ltr'>tauruS.</span> <span class='ocrx_word' id='word_1_324' title='bbox 1474 3413 1673 3470; x_wconf 86' lang='lat' dir='ltr'>cetera</span> <span class='ocrx_word' id='word_1_325' title='bbox 1714 3409 1891 3473; x_wconf 89' lang='lat' dir='ltr'>homo</span> <span class='ocrx_word' id='word_1_326' title='bbox 1939 3421 2112 3475; x_wconf 89' lang='lat' dir='ltr'>esset.</span> <span class='ocrx_word' id='word_1_327' title='bbox 2184 3415 2279 3476; x_wconf 82' lang='lat' dir='ltr'>Ad</span> <span class='ocrx_word' id='word_1_328' title='bbox 2310 3417 2469 3496; x_wconf 82' lang='lat' dir='ltr'>quod</span> <span class='ocrx_word' id='word_1_329' title='bbox 2505 3421 2632 3478; x_wconf 74' lang='lat' dir='ltr'>nuti</span> <span class='ocrx_word' id='word_1_330' title='bbox 2649 3414 2890 3478; x_wconf 76' lang='lat' dir='ltr'>lendum</span> <span class='ocrx_word' id='word_1_331' title='bbox 2938 3420 3270 3474; x_wconf 86' lang='lat' dir='ltr'>monstrum</span> <span class='ocrx_word' id='word_1_332' title='bbox 3317 3435 3352 3473; x_wconf 86' lang='lat' dir='ltr'>a</span> <span class='ocrx_word' id='word_1_333' title='bbox 3393 3411 3666 3476; x_wconf 83' lang='lat' dir='ltr'>Daedalo</span> <span class='ocrx_word' id='word_1_334' title='bbox 3709 3413 4074 3477; x_wconf 86' lang='lat' dir='ltr'>fabricatum</span> 
     </span>
     <span class='ocr_line' id='line_1_30' title="bbox 522 3506 4072 3596; baseline -0.001 -17"><span class='ocrx_word' id='word_1_335' title='bbox 522 3535 649 3579; x_wconf 85' lang='lat' dir='ltr'>esse</span> <span class='ocrx_word' id='word_1_336' title='bbox 692 3506 1151 3594; x_wconf 72' lang='lat' dir='ltr'>Labyrinthur&#39;n,</span> <span class='ocrx_word' id='word_1_337' title='bbox 1196 3508 1258 3570; x_wconf 90' lang='lat' dir='ltr'>in</span> <span class='ocrx_word' id='word_1_338' title='bbox 1290 3528 1409 3588; x_wconf 90' lang='lat' dir='ltr'>qno</span> <span class='ocrx_word' id='word_1_339' title='bbox 1440 3509 1669 3570; x_wconf 83' lang='lat' dir='ltr'>recluso</span> <span class='ocrx_word' id='word_1_340' title='bbox 1703 3508 2043 3576; x_wconf 82' lang='lat' dir='ltr'>Minotauro</span> <span class='ocrx_word' id='word_1_341' title='bbox 2102 3513 2374 3578; x_wconf 69' lang='lat' dir='ltr'>homines</span> <span class='ocrx_word' id='word_1_342' title='bbox 2419 3514 2712 3578; x_wconf 90' lang='lat' dir='ltr'>immolati</span> <span class='ocrx_word' id='word_1_343' title='bbox 2772 3518 2964 3576; x_wconf 81' lang='lat' dir='ltr'>essent</span> <span class='ocrx_word' id='word_1_344' title='bbox 3010 3517 3069 3574; x_wconf 88' lang='lat' dir='ltr'>et</span> <span class='ocrx_word' id='word_1_345' title='bbox 3131 3510 3529 3575; x_wconf 72' lang='lat' dir='ltr'>Athenienses</span> <span class='ocrx_word' id='word_1_346' title='bbox 3572 3525 3801 3595; x_wconf 87' lang='lat' dir='ltr'>septem</span> <span class='ocrx_word' id='word_1_347' title='bbox 3849 3535 4072 3596; x_wconf 90' lang='lat' dir='ltr'>pueros</span> 
     </span>
     <span class='ocr_line' id='line_1_31' title="bbox 520 3606 1564 3692; baseline -0.007 -16"><span class='ocrx_word' id='word_1_348' title='bbox 520 3614 894 3692; x_wconf 86' lang='lat' dir='ltr'>totidemque</span> <span class='ocrx_word' id='word_1_349' title='bbox 936 3607 1205 3689; x_wconf 74' lang='lat' dir='ltr'>virgines</span> <span class='ocrx_word' id='word_1_350' title='bbox 1247 3606 1564 3669; x_wconf 82' lang='lat' dir='ltr'>misissent.</span> 
     </span>
    </p>

    <p class='ocr_par' dir='ltr' id='par_1_7' title="bbox 524 3706 4080 4495">
     <span class='ocr_line' id='line_1_32' title="bbox 720 3706 4080 3798; baseline 0.002 -26"><span class='ocrx_word' id='word_1_351' title='bbox 720 3710 916 3786; x_wconf 82' lang='lat' dir='ltr'>Quam</span> <span class='ocrx_word' id='word_1_352' title='bbox 958 3707 1223 3769; x_wconf 84' lang='lat' dir='ltr'>fabulam</span> <span class='ocrx_word' id='word_1_353' title='bbox 1267 3707 1321 3768; x_wconf 91' lang='lat' dir='ltr'>si</span> <span class='ocrx_word' id='word_1_354' title='bbox 1366 3706 1442 3769; x_wconf 89' lang='lat' dir='ltr'>ad</span> <span class='ocrx_word' id='word_1_355' title='bbox 1486 3708 1720 3772; x_wconf 84' lang='lat' dir='ltr'>literam</span> <span class='ocrx_word' id='word_1_356' title='bbox 1767 3714 2084 3793; x_wconf 68' lang='lat' dir='ltr'>acceperis,</span> <span class='ocrx_word' id='word_1_357' title='bbox 2134 3714 2375 3776; x_wconf 74' lang='lat' dir='ltr'>difficile</span> <span class='ocrx_word' id='word_1_358' title='bbox 2421 3717 2537 3778; x_wconf 89' lang='lat' dir='ltr'>erit</span> <span class='ocrx_word' id='word_1_359' title='bbox 2569 3737 2686 3777; x_wconf 88' lang='lat' dir='ltr'>non</span> <span class='ocrx_word' id='word_1_360' title='bbox 2723 3715 2922 3777; x_wconf 67' lang='lat' dir='ltr'>dolere</span> <span class='ocrx_word' id='word_1_361' title='bbox 2946 3719 3006 3775; x_wconf 91' lang='lat' dir='ltr'>et</span> <span class='ocrx_word' id='word_1_362' title='bbox 3027 3712 3236 3795; x_wconf 82' lang='lat' dir='ltr'>lugere</span> <span class='ocrx_word' id='word_1_363' title='bbox 3261 3709 3483 3774; x_wconf 87' lang='lat' dir='ltr'>Minois</span> <span class='ocrx_word' id='word_1_364' title='bbox 3506 3717 3745 3787; x_wconf 86' lang='lat' dir='ltr'>sortem,</span> <span class='ocrx_word' id='word_1_365' title='bbox 3779 3713 3884 3796; x_wconf 90' lang='lat' dir='ltr'>qui</span> <span class='ocrx_word' id='word_1_366' title='bbox 3927 3737 4080 3798; x_wconf 86' lang='lat' dir='ltr'>pru-</span> 
     </span>
     <span class='ocr_line' id='line_1_33' title="bbox 526 3805 4072 3898; baseline 0.002 -24"><span class='ocrx_word' id='word_1_367' title='bbox 526 3812 731 3874; x_wconf 88' lang='lat' dir='ltr'>dentia</span> <span class='ocrx_word' id='word_1_368' title='bbox 774 3809 1040 3872; x_wconf 89' lang='lat' dir='ltr'>humana</span> <span class='ocrx_word' id='word_1_369' title='bbox 1090 3812 1151 3868; x_wconf 90' lang='lat' dir='ltr'>et</span> <span class='ocrx_word' id='word_1_370' title='bbox 1193 3805 1404 3869; x_wconf 70' lang='lat' dir='ltr'>divina</span> <span class='ocrx_word' id='word_1_371' title='bbox 1444 3810 1745 3893; x_wconf 84' lang='lat' dir='ltr'>sapientia</span> <span class='ocrx_word' id='word_1_372' title='bbox 1789 3809 2115 3873; x_wconf 61' lang='lat' dir='ltr'>instructus</span> <span class='ocrx_word' id='word_1_373' title='bbox 2159 3836 2386 3897; x_wconf 77' lang='lat' dir='ltr'>magno</span> <span class='ocrx_word' id='word_1_374' title='bbox 2432 3817 2817 3898; x_wconf 83' lang='lat' dir='ltr'>premebat-ur</span> <span class='ocrx_word' id='word_1_375' title='bbox 2858 3812 3049 3876; x_wconf 81' lang='lat' dir='ltr'>malo:</span> <span class='ocrx_word' id='word_1_376' title='bbox 3101 3810 3425 3894; x_wconf 87' lang='lat' dir='ltr'>Pasiphaes</span> <span class='ocrx_word' id='word_1_377' title='bbox 3471 3811 3789 3878; x_wconf 89' lang='lat' dir='ltr'>dementia.</span> <span class='ocrx_word' id='word_1_378' title='bbox 3866 3815 4072 3891; x_wconf 72' lang='lat' dir='ltr'>Quid?</span> 
     </span>
     <span class='ocr_line' id='line_1_34' title="bbox 524 3903 4070 3999; baseline 0.002 -25"><span class='ocrx_word' id='word_1_379' title='bbox 524 3909 742 3974; x_wconf 84' lang='lat' dir='ltr'>Nonne</span> <span class='ocrx_word' id='word_1_380' title='bbox 805 3928 962 3982; x_wconf 90' lang='lat' dir='ltr'>eum,</span> <span class='ocrx_word' id='word_1_381' title='bbox 1061 3906 1165 3990; x_wconf 80' lang='lat' dir='ltr'>qui</span> <span class='ocrx_word' id='word_1_382' title='bbox 1231 3903 1403 3968; x_wconf 85' lang='lat' dir='ltr'>Jovis</span> <span class='ocrx_word' id='word_1_383' title='bbox 1469 3910 1703 3972; x_wconf 86' lang='lat' dir='ltr'>arcanis</span> <span class='ocrx_word' id='word_1_384' title='bbox 1768 3908 2060 3973; x_wconf 84' lang='lat' dir='ltr'>admissus</span> <span class='ocrx_word' id='word_1_385' title='bbox 2146 3914 2278 3983; x_wconf 79' lang='lat' dir='ltr'>fuit,</span> <span class='ocrx_word' id='word_1_386' title='bbox 2347 3915 2540 3977; x_wconf 86' lang='lat' dir='ltr'>maior</span> <span class='ocrx_word' id='word_1_387' title='bbox 2589 3917 2772 3978; x_wconf 85' lang='lat' dir='ltr'>etiam</span> <span class='ocrx_word' id='word_1_388' title='bbox 2841 3914 3001 3996; x_wconf 86' lang='lat' dir='ltr'>cepit</span> <span class='ocrx_word' id='word_1_389' title='bbox 3066 3910 3386 3984; x_wconf 85' lang='lat' dir='ltr'>dementia,</span> <span class='ocrx_word' id='word_1_390' title='bbox 3462 3933 3597 3974; x_wconf 89' lang='lat' dir='ltr'>cum</span> <span class='ocrx_word' id='word_1_391' title='bbox 3663 3914 4070 3999; x_wconf 82' lang='lat' dir='ltr'>Labyrinthus</span> 
     </span>
     <span class='ocr_line' id='line_1_35' title="bbox 527 4003 4074 4097; baseline 0.003 -25"><span class='ocrx_word' id='word_1_392' title='bbox 527 4011 627 4072; x_wconf 88' lang='lat' dir='ltr'>isti</span> <span class='ocrx_word' id='word_1_393' title='bbox 676 4013 938 4072; x_wconf 85' lang='lat' dir='ltr'>monstro</span> <span class='ocrx_word' id='word_1_394' title='bbox 984 4011 1052 4070; x_wconf 89' lang='lat' dir='ltr'>ut</span> <span class='ocrx_word' id='word_1_395' title='bbox 1094 4003 1527 4074; x_wconf 81' lang='lat' dir='ltr'>aedificaretur.</span> <span class='ocrx_word' id='word_1_396' title='bbox 1597 4013 1662 4071; x_wconf 89' lang='lat' dir='ltr'>nt</span> <span class='ocrx_word' id='word_1_397' title='bbox 1704 4010 2082 4073; x_wconf 85' lang='lat' dir='ltr'>Minotaurus</span> <span class='ocrx_word' id='word_1_398' title='bbox 2146 4012 2495 4085; x_wconf 84' lang='lat' dir='ltr'>nutriretur,</span> <span class='ocrx_word' id='word_1_399' title='bbox 2564 4022 2630 4078; x_wconf 88' lang='lat' dir='ltr'>nt</span> <span class='ocrx_word' id='word_1_400' title='bbox 2672 4015 2725 4078; x_wconf 91' lang='lat' dir='ltr'>ei</span> <span class='ocrx_word' id='word_1_401' title='bbox 2770 4014 2943 4097; x_wconf 89' lang='lat' dir='ltr'>pueri</span> <span class='ocrx_word' id='word_1_402' title='bbox 2987 4015 3049 4075; x_wconf 89' lang='lat' dir='ltr'>et</span> <span class='ocrx_word' id='word_1_403' title='bbox 3090 4011 3332 4095; x_wconf 87' lang='lat' dir='ltr'>puellae</span> <span class='ocrx_word' id='word_1_404' title='bbox 3395 4012 3722 4077; x_wconf 82' lang='lat' dir='ltr'>devorandi</span> <span class='ocrx_word' id='word_1_405' title='bbox 3786 4015 4074 4081; x_wconf 87' lang='lat' dir='ltr'>darentur</span> 
     </span>
     <span class='ocr_line' id='line_1_36' title="bbox 524 4105 4067 4195; baseline 0.002 -24"><span class='ocrx_word' id='word_1_406' title='bbox 524 4109 941 4193; x_wconf 78' lang='lat' dir='ltr'>praeciperet?</span> <span class='ocrx_word' id='word_1_407' title='bbox 1027 4105 1142 4168; x_wconf 86' lang='lat' dir='ltr'>Est</span> <span class='ocrx_word' id='word_1_408' title='bbox 1183 4126 1326 4167; x_wconf 80' lang='lat' dir='ltr'>sane</span> <span class='ocrx_word' id='word_1_409' title='bbox 1368 4109 1529 4190; x_wconf 87' lang='lat' dir='ltr'>quod</span> <span class='ocrx_word' id='word_1_410' title='bbox 1572 4110 1822 4177; x_wconf 86' lang='lat' dir='ltr'>mireris.</span> <span class='ocrx_word' id='word_1_411' title='bbox 1908 4111 2141 4175; x_wconf 84' lang='lat' dir='ltr'>Fabula</span> <span class='ocrx_word' id='word_1_412' title='bbox 2183 4112 2374 4195; x_wconf 66' lang='lat' dir='ltr'>igitur</span> <span class='ocrx_word' id='word_1_413' title='bbox 2415 4114 2661 4178; x_wconf 81' lang='lat' dir='ltr'>inermis</span> <span class='ocrx_word' id='word_1_414' title='bbox 2704 4118 2810 4176; x_wconf 86' lang='lat' dir='ltr'>est.</span> <span class='ocrx_word' id='word_1_415' title='bbox 2897 4115 3095 4190; x_wconf 82' lang='lat' dir='ltr'>Quare</span> <span class='ocrx_word' id='word_1_416' title='bbox 3168 4118 3341 4176; x_wconf 88' lang='lat' dir='ltr'>erant</span> <span class='ocrx_word' id='word_1_417' title='bbox 3419 4113 3526 4195; x_wconf 87' lang='lat' dir='ltr'>qui</span> <span class='ocrx_word' id='word_1_418' title='bbox 3570 4119 3771 4194; x_wconf 84' lang='lat' dir='ltr'>spreto</span> <span class='ocrx_word' id='word_1_419' title='bbox 3821 4114 4067 4179; x_wconf 86' lang='lat' dir='ltr'>Homeri</span> 
     </span>
     <span class='ocr_line' id='line_1_37' title="bbox 526 4202 4073 4296; baseline 0.003 -26"><span class='ocrx_word' id='word_1_420' title='bbox 526 4208 654 4271; x_wconf 92' lang='lat' dir='ltr'>loco</span> <span class='ocrx_word' id='word_1_421' title='bbox 696 4208 1064 4287; x_wconf 82' lang='lat' dir='ltr'>notissimo3)</span> <span class='ocrx_word' id='word_1_422' title='bbox 1139 4208 1410 4272; x_wconf 83' lang='lat' dir='ltr'>dicerent</span> <span class='ocrx_word' id='word_1_423' title='bbox 1454 4208 1721 4272; x_wconf 87' lang='lat' dir='ltr'>Minoem</span> <span class='ocrx_word' id='word_1_424' title='bbox 1766 4202 2078 4293; x_wconf 80' lang='lat' dir='ltr'>nunquam</span> <span class='ocrx_word' id='word_1_425' title='bbox 2118 4233 2322 4294; x_wconf 85' lang='lat' dir='ltr'>regem</span> <span class='ocrx_word' id='word_1_426' title='bbox 2369 4211 2582 4276; x_wconf 87' lang='lat' dir='ltr'>Cretae</span> <span class='ocrx_word' id='word_1_427' title='bbox 2623 4213 2804 4276; x_wconf 87' lang='lat' dir='ltr'>fuisse</span> <span class='ocrx_word' id='word_1_428' title='bbox 2844 4233 3183 4296; x_wconf 82' lang='lat' dir='ltr'>nomenque</span> <span class='ocrx_word' id='word_1_429' title='bbox 3226 4212 3447 4275; x_wconf 83' lang='lat' dir='ltr'>Minois</span> <span class='ocrx_word' id='word_1_430' title='bbox 3489 4213 3869 4277; x_wconf 88' lang='lat' dir='ltr'>referendum</span> <span class='ocrx_word' id='word_1_431' title='bbox 3947 4237 4073 4280; x_wconf 88' lang='lat' dir='ltr'>esse</span> 
     </span>
     <span class='ocr_line' id='line_1_38' title="bbox 527 4306 4072 4396; baseline 0.004 -28"><span class='ocrx_word' id='word_1_432' title='bbox 527 4306 602 4368; x_wconf 87' lang='lat' dir='ltr'>ad</span> <span class='ocrx_word' id='word_1_433' title='bbox 650 4307 751 4369; x_wconf 88' lang='lat' dir='ltr'>illa</span> <span class='ocrx_word' id='word_1_434' title='bbox 794 4311 1088 4391; x_wconf 82' lang='lat' dir='ltr'>tempora.</span> <span class='ocrx_word' id='word_1_435' title='bbox 1156 4309 1371 4390; x_wconf 82' lang='lat' dir='ltr'>quibus</span> <span class='ocrx_word' id='word_1_436' title='bbox 1416 4306 1784 4374; x_wconf 81' lang='lat' dir='ltr'>Phoenicum</span> <span class='ocrx_word' id='word_1_437' title='bbox 1826 4311 1917 4374; x_wconf 81' lang='lat' dir='ltr'>vis</span> <span class='ocrx_word' id='word_1_438' title='bbox 1963 4315 2023 4374; x_wconf 91' lang='lat' dir='ltr'>et</span> <span class='ocrx_word' id='word_1_439' title='bbox 2066 4312 2260 4375; x_wconf 88' lang='lat' dir='ltr'>cultus</span> <span class='ocrx_word' id='word_1_440' title='bbox 2303 4311 2366 4372; x_wconf 91' lang='lat' dir='ltr'>in</span> <span class='ocrx_word' id='word_1_441' title='bbox 2413 4310 2590 4376; x_wconf 88' lang='lat' dir='ltr'>Creta</span> <span class='ocrx_word' id='word_1_442' title='bbox 2654 4313 2964 4387; x_wconf 57' lang='lat' dir='ltr'>valuissem</span> <span class='ocrx_word' id='word_1_443' title='bbox 3031 4335 3216 4396; x_wconf 87' lang='lat' dir='ltr'>quare</span> <span class='ocrx_word' id='word_1_444' title='bbox 3283 4319 3455 4375; x_wconf 83' lang='lat' dir='ltr'>erant</span> <span class='ocrx_word' id='word_1_445' title='bbox 3499 4313 3600 4394; x_wconf 88' lang='lat' dir='ltr'>qui</span> <span class='ocrx_word' id='word_1_446' title='bbox 3643 4316 4072 4381; x_wconf 88' lang='lat' dir='ltr'>contenderent</span> 
     </span>
     <span class='ocr_line' id='line_1_39' title="bbox 536 4406 2684 4495; baseline 0.004 -28"><span class='ocrx_word' id='word_1_447' title='bbox 536 4406 830 4468; x_wconf 86' lang='lat' dir='ltr'>tributum</span> <span class='ocrx_word' id='word_1_448' title='bbox 874 4407 1036 4469; x_wconf 88' lang='lat' dir='ltr'>istud</span> <span class='ocrx_word' id='word_1_449' title='bbox 1079 4408 1541 4494; x_wconf 77' lang='lat' dir='ltr'>Atheniensium</span> <span class='ocrx_word' id='word_1_450' title='bbox 1582 4410 1646 4473; x_wconf 89' lang='lat' dir='ltr'>in</span> <span class='ocrx_word' id='word_1_451' title='bbox 1690 4410 1854 4476; x_wconf 86' lang='lat' dir='ltr'>coelo</span> <span class='ocrx_word' id='word_1_452' title='bbox 1900 4410 2031 4495; x_wconf 85' lang='lat' dir='ltr'>ipso</span> <span class='ocrx_word' id='word_1_453' title='bbox 2077 4411 2286 4474; x_wconf 84' lang='lat' dir='ltr'>datum</span> <span class='ocrx_word' id='word_1_454' title='bbox 2329 4432 2476 4474; x_wconf 86' lang='lat' dir='ltr'>esse.</span> <span class='ocrx_word' id='word_1_455' title='bbox 2679 4425 2684 4431; x_wconf 78' lang='grc'><strong><em>’</em></strong></span> 
     </span>
    </p>
   </div>
   <div class='ocr_carea' id='block_1_6' title="bbox 521 4645 4070 4864">
    <p class='ocr_par' dir='ltr' id='par_1_8' title="bbox 521 4645 4070 4864">
     <span class='ocr_line' id='line_1_40' title="bbox 726 4645 4070 4726; baseline 0.004 -24"><span class='ocrx_word' id='word_1_456' title='bbox 726 4656 772 4719; x_wconf 84' lang='lat'>1)</span> <span class='ocrx_word' id='word_1_457' title='bbox 842 4656 1143 4721; x_wconf 85' lang='lat' dir='ltr'>Apollinum</span> <span class='ocrx_word' id='word_1_458' title='bbox 1181 4660 1566 4723; x_wconf 75' lang='lat' dir='ltr'>antiquissimus</span> <span class='ocrx_word' id='word_1_459' title='bbox 1603 4664 1643 4710; x_wconf 77' lang='lat' dir='ltr'>is</span> <span class='ocrx_word' id='word_1_460' title='bbox 1680 4667 1807 4722; x_wconf 82' lang='lat' dir='ltr'>erat,</span> <span class='ocrx_word' id='word_1_461' title='bbox 1864 4664 1949 4726; x_wconf 86' lang='lat' dir='ltr'>qui</span> <span class='ocrx_word' id='word_1_462' title='bbox 1988 4660 2229 4710; x_wconf 80' lang='lat' dir='ltr'>Vulcano</span> <span class='ocrx_word' id='word_1_463' title='bbox 2266 4666 2421 4711; x_wconf 83' lang='lat' dir='ltr'>natus</span> <span class='ocrx_word' id='word_1_464' title='bbox 2458 4669 2627 4712; x_wconf 71' lang='lat' dir='ltr'>custos</span> <span class='ocrx_word' id='word_1_465' title='bbox 2664 4663 2982 4712; x_wconf 79' lang='lat' dir='ltr'>Athenarum</span> <span class='ocrx_word' id='word_1_466' title='bbox 3021 4662 3141 4718; x_wconf 66' lang='lat' dir='ltr'>fuitz</span> <span class='ocrx_word' id='word_1_467' title='bbox 3196 4662 3328 4709; x_wconf 83' lang='lat' dir='ltr'>alter</span> <span class='ocrx_word' id='word_1_468' title='bbox 3364 4662 3680 4725; x_wconf 79' lang='lat' dir='ltr'>Corybantis</span> <span class='ocrx_word' id='word_1_469' title='bbox 3715 4645 3888 4724; x_wconf 45' lang='lat' dir='ltr'>filius(</span> <span class='ocrx_word' id='word_1_470' title='bbox 3919 4673 4070 4716; x_wconf 74' lang='lat' dir='ltr'>natus</span> 
     </span>
     <span class='ocr_line' id='line_1_41' title="bbox 521 4721 4068 4797; baseline 0.004 -29"><span class='ocrx_word' id='word_1_471' title='bbox 521 4722 577 4782; x_wconf 79' lang='lat' dir='ltr'>in</span> <span class='ocrx_word' id='word_1_472' title='bbox 615 4721 785 4776; x_wconf 79' lang='lat' dir='ltr'>Creta,</span> <span class='ocrx_word' id='word_1_473' title='bbox 833 4724 976 4772; x_wconf 79' lang='lat' dir='ltr'>cuins</span> <span class='ocrx_word' id='word_1_474' title='bbox 1030 4723 1094 4773; x_wconf 88' lang='lat' dir='ltr'>de</span> <span class='ocrx_word' id='word_1_475' title='bbox 1129 4725 1219 4773; x_wconf 83' lang='lat' dir='ltr'>illa</span> <span class='ocrx_word' id='word_1_476' title='bbox 1256 4726 1425 4775; x_wconf 77' lang='lat' dir='ltr'>insula</span> <span class='ocrx_word' id='word_1_477' title='bbox 1458 4743 1571 4775; x_wconf 85' lang='lat' dir='ltr'>cum</span> <span class='ocrx_word' id='word_1_478' title='bbox 1609 4729 1744 4777; x_wconf 75' lang='lat' dir='ltr'>Jove</span> <span class='ocrx_word' id='word_1_479' title='bbox 1781 4730 1891 4793; x_wconf 78' lang='lat' dir='ltr'>ipso</span> <span class='ocrx_word' id='word_1_480' title='bbox 1928 4735 2189 4779; x_wconf 81' lang='lat' dir='ltr'>certamen</span> <span class='ocrx_word' id='word_1_481' title='bbox 2228 4730 2385 4778; x_wconf 76' lang='lat' dir='ltr'>fuisse</span> <span class='ocrx_word' id='word_1_482' title='bbox 2421 4729 2667 4788; x_wconf 57' lang='lat' dir='ltr'>traditum</span> <span class='ocrx_word' id='word_1_483' title='bbox 2705 4731 2881 4779; x_wconf 78' lang='lat' dir='ltr'>tertius</span> <span class='ocrx_word' id='word_1_484' title='bbox 2917 4728 3054 4776; x_wconf 72' lang='lat' dir='ltr'>Jove</span> <span class='ocrx_word' id='word_1_485' title='bbox 3092 4728 3324 4777; x_wconf 82' lang='lat' dir='ltr'>Cretensi</span> <span class='ocrx_word' id='word_1_486' title='bbox 3371 4735 3523 4778; x_wconf 80' lang='lat' dir='ltr'>natus</span> <span class='ocrx_word' id='word_1_487' title='bbox 3560 4736 3612 4778; x_wconf 83' lang='lat' dir='ltr'>et</span> <span class='ocrx_word' id='word_1_488' title='bbox 3645 4730 3864 4792; x_wconf 84' lang='lat' dir='ltr'>Latona,</span> <span class='ocrx_word' id='word_1_489' title='bbox 3919 4749 4068 4797; x_wconf 85' lang='lat' dir='ltr'>quem</span> 
     </span>
     <span class='ocr_line' id='line_1_42' title="bbox 524 4788 4070 4864; baseline 0.003 -26"><span class='ocrx_word' id='word_1_490' title='bbox 524 4803 589 4838; x_wconf 86' lang='lat' dir='ltr'>ex</span> <span class='ocrx_word' id='word_1_491' title='bbox 628 4788 979 4852; x_wconf 71' lang='lat' dir='ltr'>Hyperboreis</span> <span class='ocrx_word' id='word_1_492' title='bbox 1005 4790 1241 4856; x_wconf 87' lang='lat' dir='ltr'>Delphos</span> <span class='ocrx_word' id='word_1_493' title='bbox 1278 4793 1450 4841; x_wconf 86' lang='lat' dir='ltr'>ferunt</span> <span class='ocrx_word' id='word_1_494' title='bbox 1484 4794 1781 4856; x_wconf 77' lang='lat' dir='ltr'>advenisse3</span> <span class='ocrx_word' id='word_1_495' title='bbox 1820 4800 2034 4860; x_wconf 83' lang='lat' dir='ltr'>quartus</span> <span class='ocrx_word' id='word_1_496' title='bbox 2070 4798 2121 4843; x_wconf 86' lang='lat' dir='ltr'>in</span> <span class='ocrx_word' id='word_1_497' title='bbox 2158 4795 2400 4852; x_wconf 82' lang='lat' dir='ltr'>Arcadia,</span> <span class='ocrx_word' id='word_1_498' title='bbox 2437 4811 2588 4860; x_wconf 78' lang='lat' dir='ltr'>quein</span> <span class='ocrx_word' id='word_1_499' title='bbox 2624 4796 2850 4847; x_wconf 79' lang='lat' dir='ltr'>Arcades</span> <span class='ocrx_word' id='word_1_500' title='bbox 2875 4796 3097 4844; x_wconf 81' lang='lat' dir='ltr'>Nomion</span> <span class='ocrx_word' id='word_1_501' title='bbox 3134 4795 3415 4858; x_wconf 83' lang='lat' dir='ltr'>appellant.</span> <span class='ocrx_word' id='word_1_502' title='bbox 3454 4797 3581 4860; x_wconf 60' lang='lat' dir='ltr'>(Cic.</span> <span class='ocrx_word' id='word_1_503' title='bbox 3605 4797 3669 4847; x_wconf 79' lang='lat' dir='ltr'>(le</span> <span class='ocrx_word' id='word_1_504' title='bbox 3694 4814 3743 4846; x_wconf 90' lang='lat' dir='ltr'>n.</span> <span class='ocrx_word' id='word_1_505' title='bbox 3770 4799 3817 4846; x_wconf 91' lang='lat' dir='ltr'>d.</span> <span class='ocrx_word' id='word_1_506' title='bbox 3845 4800 3942 4848; x_wconf 91' lang='lat'>111.</span> <span class='ocrx_word' id='word_1_507' title='bbox 3969 4801 4070 4864; x_wconf 74' lang='lat'>⁶23.)</span> 
     </span>
    </p>
   </div>
   <div class='ocr_carea' id='block_1_7' title="bbox 525 4871 4166 5012">
    <p class='ocr_par' dir='ltr' id='par_1_9' title="bbox 525 4871 4166 5012">
     <span class='ocr_line' id='line_1_43' title="bbox 720 4871 4166 4947; baseline 0.004 -29"><span class='ocrx_word' id='word_1_508' title='bbox 720 4873 770 4930; x_wconf 78' lang='lat'>2)</span> <span class='ocrx_word' id='word_1_509' title='bbox 843 4872 904 4920; x_wconf 79' lang='lat' dir='ltr'>G.</span> <span class='ocrx_word' id='word_1_510' title='bbox 940 4871 1000 4921; x_wconf 67' lang='lat'>1³.</span> <span class='ocrx_word' id='word_1_511' title='bbox 1035 4872 1376 4934; x_wconf 84' lang='lat' dir='ltr'>Schoemann,</span> <span class='ocrx_word' id='word_1_512' title='bbox 1432 4892 1509 4938; x_wconf 71' lang='lat' dir='ltr'>gr.</span> <span class='ocrx_word' id='word_1_513' title='bbox 1548 4877 1769 4927; x_wconf 79' lang='lat' dir='ltr'>Alterth.</span> <span class='ocrx_word' id='word_1_514' title='bbox 1806 4894 1853 4942; x_wconf 87' lang='lat' dir='ltr'>p.</span> <span class='ocrx_word' id='word_1_515' title='bbox 1890 4880 2012 4926; x_wconf 75' lang='lat'><strong>297:</strong></span> <span class='ocrx_word' id='word_1_516' title='bbox 2075 4880 2184 4930; x_wconf 86' lang='lat' dir='ltr'>Der</span> <span class='ocrx_word' id='word_1_517' title='bbox 2217 4882 2385 4930; x_wconf 82' lang='lat' dir='ltr'>Name</span> <span class='ocrx_word' id='word_1_518' title='bbox 2423 4882 2610 4932; x_wconf 81' lang='lat' dir='ltr'>Minos.</span> <span class='ocrx_word' id='word_1_519' title='bbox 2667 4881 2760 4930; x_wconf 88' lang='lat' dir='ltr'>der</span> <span class='ocrx_word' id='word_1_520' title='bbox 2793 4881 2904 4929; x_wconf 76' lang='lat' dir='ltr'>sich</span> <span class='ocrx_word' id='word_1_521' title='bbox 2961 4896 3052 4929; x_wconf 81' lang='lat' dir='ltr'>aus</span> <span class='ocrx_word' id='word_1_522' title='bbox 3089 4880 3183 4929; x_wconf 80' lang='lat' dir='ltr'>der</span> <span class='ocrx_word' id='word_1_523' title='bbox 3239 4880 3711 4941; x_wconf 78' lang='lat' dir='ltr'>griechischen</span> <span class='ocrx_word' id='word_1_524' title='bbox 3769 4883 4070 4947; x_wconf 71' lang='lat' dir='ltr'>Spraclie</span> <span class='ocrx_word' id='word_1_525' title='bbox 4153 4879 4166 4894; x_wconf 80' lang='lat'>⁸</span> 
     </span>
     <span class='ocr_line' id='line_1_44' title="bbox 525 4938 4079 5012; baseline 0.004 -27"><span class='ocrx_word' id='word_1_526' title='bbox 525 4938 706 4985; x_wconf 85' lang='lat' dir='ltr'>nicht</span> <span class='ocrx_word' id='word_1_527' title='bbox 743 4938 1059 4988; x_wconf 66' lang='lat' dir='ltr'>erkliiren</span> <span class='ocrx_word' id='word_1_528' title='bbox 1097 4940 1301 4998; x_wconf 65' lang='lat' dir='ltr'>liisst,</span> <span class='ocrx_word' id='word_1_529' title='bbox 1360 4943 1547 5006; x_wconf 66' lang='lat' dir='ltr'>gehilrt</span> <span class='ocrx_word' id='word_1_530' title='bbox 1581 4943 1719 4993; x_wconf 81' lang='lat' dir='ltr'>ohne</span> <span class='ocrx_word' id='word_1_531' title='bbox 1754 4945 1965 4992; x_wconf 80' lang='lat' dir='ltr'>Zweifel</span> <span class='ocrx_word' id='word_1_532' title='bbox 2004 4943 2095 4996; x_wconf 76' lang='lat' dir='ltr'>cler</span> <span class='ocrx_word' id='word_1_533' title='bbox 2131 4948 2379 4996; x_wconf 81' lang='lat' dir='ltr'>friiheren</span> <span class='ocrx_word' id='word_1_534' title='bbox 2419 4948 2848 5012; x_wconf 70' lang='lat' dir='ltr'>nngriechischen</span> <span class='ocrx_word' id='word_1_535' title='bbox 2883 4947 3254 5011; x_wconf 63' lang='lat' dir='ltr'>Bevf&#39;tlkernng</span> <span class='ocrx_word' id='word_1_536' title='bbox 3290 4946 3379 4995; x_wconf 85' lang='lat' dir='ltr'>der</span> <span class='ocrx_word' id='word_1_537' title='bbox 3416 4947 3554 4996; x_wconf 83' lang='lat' dir='ltr'>Insel</span> <span class='ocrx_word' id='word_1_538' title='bbox 3590 4964 3658 4996; x_wconf 78' lang='lat' dir='ltr'>an</span> <span class='ocrx_word' id='word_1_539' title='bbox 3697 4950 3799 4997; x_wconf 75' lang='lat' dir='ltr'>nncl</span> <span class='ocrx_word' id='word_1_540' title='bbox 3839 4950 4079 4999; x_wconf 65' lang='lat' dir='ltr'>bezeich-</span> 
     </span>
    </p>
   </div>
   <div class='ocr_carea' id='block_1_8' title="bbox 532 5005 3075 5135">
    <p class='ocr_par' dir='ltr' id='par_1_10' title="bbox 532 5005 3075 5135">
     <span class='ocr_line' id='line_1_45' title="bbox 532 5005 3075 5134; baseline 0.004 -83"><span class='ocrx_word' id='word_1_541' title='bbox 532 5007 619 5052; x_wconf 82' lang='lat' dir='ltr'>net</span> <span class='ocrx_word' id='word_1_542' title='bbox 652 5005 1050 5134; x_wconf 47' lang='lat' dir='ltr'>ei¹})gogl({dle⁸</span> <span class='ocrx_word' id='word_1_543' title='bbox 1066 5007 1297 5122; x_wconf 52' lang='grc' dir='ltr'>ιξὶἐιεξξι,</span> <span class='ocrx_word' id='word_1_544' title='bbox 1335 5008 1426 5057; x_wconf 83' lang='lat' dir='ltr'>das</span> <span class='ocrx_word' id='word_1_545' title='bbox 1452 5009 1644 5073; x_wconf 85' lang='lat' dir='ltr'>jedoch</span> <span class='ocrx_word' id='word_1_546' title='bbox 1680 5012 1733 5058; x_wconf 90' lang='lat' dir='ltr'>in</span> <span class='ocrx_word' id='word_1_547' title='bbox 1770 5010 2148 5061; x_wconf 78' lang='lat' dir='ltr'>menschlicher</span> <span class='ocrx_word' id='word_1_548' title='bbox 2185 5013 2387 5064; x_wconf 84' lang='lat' dir='ltr'>Gestalt</span> <span class='ocrx_word' id='word_1_549' title='bbox 2424 5007 2519 5063; x_wconf 83' lang='lat' dir='ltr'>auf</span> <span class='ocrx_word' id='word_1_550' title='bbox 2547 5015 2637 5064; x_wconf 85' lang='lat' dir='ltr'>der</span> <span class='ocrx_word' id='word_1_551' title='bbox 2672 5015 2814 5064; x_wconf 87' lang='lat' dir='ltr'>Erde</span> <span class='ocrx_word' id='word_1_552' title='bbox 2848 5014 3075 5078; x_wconf 72' lang='lat' dir='ltr'>geweilt.</span> 
     </span>
     <span class='ocr_line' id='line_1_46' title="bbox 923 5089 1289 5135; baseline 0.003 -14"><span class='ocrx_word' id='word_1_553' title='bbox 923 5089 1027 5135; x_wconf 72' lang='lat' dir='ltr'>yse.</span> <span class='ocrx_word' id='word_1_554' title='bbox 1129 5110 1141 5121; x_wconf 89' lang='lat'><strong>.</strong></span> <span class='ocrx_word' id='word_1_555' title='bbox 1246 5108 1289 5122; x_wconf 64' lang='lat'>2.</span> 
     </span>
    </p>
   </div>
   <div class='ocr_carea' id='block_1_9' title="bbox 3737 5163 3776 5225">
    <p class='ocr_par' dir='ltr' id='par_1_11' title="bbox 3737 5163 3776 5225">
     <span class='ocr_line' id='line_1_47' title="bbox 3737 5163 3776 5225; baseline 0 0"><span class='ocrx_word' id='word_1_556' title='bbox 3737 5163 3776 5225; x_wconf 81' lang='lat'><strong>2</strong></span> 
     </span>
    </p>
   </div>
  </div>
 </body>
</html>
