4675 5859
549 633 752 726 iidem,
793 595 1177 713 Testimomo
1190 637 1300 725 est,
1341 643 1537 734 quod,
1549 667 1688 712 cnm
1708 644 1886 712 Jovis
1925 647 2123 712 cultus
2144 637 2453 713 Cretensis
2475 647 2667 714 cultui
2689 581 2986 712 Arcadico
3007 646 3173 712 haud
3193 646 3504 713 dissimilis
3546 650 3723 723 esset,
3772 653 3835 713 et
3851 613 4129 716 Arcadia
4282 726 4293 741 ⁶

551 751 617 811 et
642 737 825 820 Creta
850 743 1077 812 Jovem
1111 731 1277 830 apud
1317 765 1383 810 se
1422 749 1635 811 natum
1658 765 1788 818 esse
1827 744 2268 814 contenderint.
2311 744 2388 810 In
2413 746 2680 811 Arcadia
2719 746 2967 810 fuerunt
2990 743 3240 830 Dactyli
3267 744 3450 822 Idaei,
3494 743 3740 811 eosdem
3785 745 4121 834 deprehen·

552 838 756 911 dimus
796 843 962 931 apud
1003 843 1337 912 Cretenses.
1419 840 1495 909 In
1535 842 1719 909 Oret·
1758 847 1892 909 erat
1930 844 2076 910 urbs
2117 846 2329 922 Arcas,
2378 843 2642 910 Arcadia
2683 842 2988 909 Creticum
3030 843 3246 908 habuit
3285 847 3560 908 montem
3599 819 3775 911 Idam
3796 848 3869 930 ¹).
3914 843 4128 912 Testi-
4137 871 4144 878 ·
4181 919 4188 927 ⁶

548 944 756 1011 monio
798 947 944 1011 sunt
963 964 1158 1021 sacra,
1200 944 1533 1026 mysteria,
1553 943 1958 1018 ceremoniae,
2000 943 2398 1009 ceremoniae
2402 945 2585 1021 enim,
2627 964 2780 1028 quas
2813 942 3214 1008 Athenienses
3240 941 3531 1008 Eleusine
3569 944 3924 1010 solemniter
3967 947 4128 1012 cele·

551 1045 815 1112 brabant
855 1063 1131 1128 quaeque
1172 1041 1238 1106 in
1267 1040 1687 1108 Samothracia
1707 1046 1891 1127 atque
1945 1044 2010 1108 in
2030 1040 2310 1117 Threcia,
2356 1039 2516 1106 uude
2558 1063 2660 1107 ees
2690 1041 2973 1126 Orpheus
3014 1041 3340 1125 sumpsisse
3382 1041 3594 1118 fertur,
3636 1042 3885 1122 fiebant,
3929 1045 4127 1114 Gnosi

552 1145 758 1231 prisca
792 1144 940 1229 lege
981 1140 1467 1208 celebrabantur.
1552 1139 1916 1210 Testimonii
1978 1142 2241 1226 denique
2296 1142 2431 1207 loco
2471 1144 2583 1218 est,
2625 1141 2808 1225 qnod,
2852 1160 2993 1206 eum
3034 1140 3122 1206 dii
3179 1140 3431 1225 plurimi
3474 1164 3514 1206 a
3556 1142 3944 1209 Cretensibus
3983 1164 4133 1230 prc-

555 1245 704 1313 fenti
727 1245 963 1319 essent,
1005 1246 1079 1308 ut
1118 1262 1349 1329 magna
1372 1241 1537 1307 orbis
1575 1245 1757 1327 parte
1795 1241 2172 1328 perlustrate
2212 1239 2501 1306 beneficia
2541 1241 2607 1304 in
2647 1259 2844 1326 genus
2885 1238 3223 1305 humanum
3255 1240 3618 1317 conferrent,
3664 1241 3847 1309 Ceres
3876 1265 4126 1329 quoque

555 1344 627 1410 in
667 1342 947 1412 Atticam
988 1341 1243 1407 venerit.
1308 1340 1738 1407 Aretissimnm
1799 1341 1993 1424 igitur
2056 1339 2442 1426 cognationis
2508 1336 2694 1404 fuisse
2757 1338 3068 1404 vinculum
3136 1337 3303 1403 inter
3344 1339 3590 1406 Cretam
3658 1347 3722 1406 et
3793 1341 4134 1421 emacim,

553 1444 717 1509 inter
757 1441 1007 1508 Cretam
1048 1443 1116 1505 et
1156 1440 1430 1505 Atticam
1476 1439 1796 1524 regionem
1832 1429 2129 1506 videmus.

726 1555 909 1621 -Cum
945 1575 1095 1620 vero
1133 1553 1366 1620 incolae
1405 1554 1722 1637 utriusque
1758 1554 2026 1640 regionis
2066 1553 2337 1619 eiusdem
2379 1555 2579 1619 esseut
2619 1550 2896 1634 originis,
2949 1550 3084 1616 fieri
3107 1573 3227 1617 nou
3271 1554 3496 1637 potuit,
3554 1555 3705 1637 quin
3748 1556 3939 1620 etiam
3979 1557 4125 1622 reli·

557 1656 765 1743 gionis
807 1653 1054 1720 vinculo
1099 1659 1163 1718 et
1204 1653 1399 1718 divini
1437 1653 1636 1719 cultus
1677 1653 1872 1719 iuncti
1911 1657 2250 1729 manerent,
2321 1653 2424 1719 cui
2465 1653 2555 1718 rei
2595 1652 2950 1717 testimonio
2993 1657 3137 1718 sunt
3191 1652 3477 1727 Arcadia,
3523 1653 3705 1720 Ceres
3748 1676 3784 1720 e
3827 1655 4011 1721 Creta
4061 1657 4129 1723 in

558 1754 841 1822 Atticam
882 1751 1179 1837 profecta,
1225 1753 1601 1818 ceremoniae
1642 1751 2009 1821 Eleusiniae.
2094 1753 2392 1820 Attamen
2459 1773 2600 1816 cum
2640 1772 2835 1836 genus
2888 1745 3564 1840 Phryge-Pelasgicum
3606 1755 3685 1818 ab
3731 1753 4116 1831 Hellenibus,

558 1853 790 1940 populo
832 1852 1103 1918 eiusdem
1143 1852 1392 1934 quidem
1435 1852 1665 1937 stirpis,
1709 1851 1815 1916 sed
1855 1852 2118 1917 mitioris
2158 1853 2285 1916 iam
2328 1850 2552 1925 cultus,
2618 1850 2826 1915 multis
2899 1850 3144 1915 sedibus
3186 1854 3510 1935 expulsum
3552 1854 3682 1919 sive
3722 1854 4131 1921 obscuratum

566 1957 745 2030 esset,
768 1952 970 2029 Creta,
1011 1952 1212 2018 insula
1251 1950 1408 2017 mari
1448 1950 1830 2026 circumfusa,
1871 1950 2037 2015 facta
2080 1963 2169 2016 est
2210 1951 2518 2035 imprimis
2559 1949 2731 2015 sedes
2774 1954 2836 2013 et
2878 1950 3084 2034 patria
3129 1947 3531 2037 Pelasgorum
3572 1952 3754 2019 salvis
3799 1956 4121 2042 religionis

560 2052 837 2119 vinculis.
925 2049 1148 2117 Nonne
1185 2050 1423 2135 optimo
1462 2051 1594 2114 iure
1635 2048 1929 2114 affirmari
1963 2052 2179 2134 potest,
2252 2048 2500 2114 Cretam
2575 2048 2867 2113 mansisse
2907 2048 3111 2114 sedem
3161 2047 3558 2137 Pelasgorum
3626 2053 3825 2117 cultus
3871 2054 4131 2119 divini?

561 2153 725 2230 Quid
743 2151 967 2237 porro?
1010 2149 1165 2216 Cum
1183 2150 1532 2216 certissimis
1550 2148 1799 2234 probari
1826 2148 2021 2233 possit
2039 2148 2405 2214 testimoniis
2426 2147 2590 2232 apud
2610 2148 2868 2235 populos
2889 2152 3122 2214 veteres
3146 2150 3331 2214 moris
3348 2149 3552 2232 fuisse„
3595 2155 3665 2216 nt
3693 2153 4045 2219 remotiores
4101 2176 4140 2218 a

566 2250 831 2325 sedibus,
879 2269 1035 2332 quae
1076 2249 1382 2315 domicilia
1420 2246 1803 2313 habebantur
1844 2247 2156 2333 religionis
2198 2269 2236 2310 a
2275 2246 2609 2312 maioribus
2636 2250 2920 2338 traditae,
2962 2248 3279 2312 mitterent
3321 2248 3627 2333 primitias
3668 2271 3871 2315 rernm
3915 2256 3979 2315 et
4022 2251 4130 2316 de·

564 2351 754 2417 cimas
795 2353 859 2413 et
898 2348 1238 2433 legationes
1300 2369 1532 2424 sacras,
1599 2366 1800 2412 nonne
1850 2346 2118 2433 colliges,
2185 2345 2590 2412 Athenienses
2641 2367 2900 2432 quoqne,
2976 2357 3044 2411 nt
3111 2340 3385 2430 antiquis
3455 2346 3575 2412 diis
3616 2350 3837 2433 patriis
3882 2350 4129 2415 divinos

566 2451 798 2516 ferrent
835 2447 1114 2524 honores,
1157 2469 1295 2514 cum
1337 2447 1632 2532 primitiis
1675 2446 1912 2511 misisse
1950 2446 2292 2532 legationes
2332 2468 2536 2512 sacres
2551 2449 2584 2511 P

764 2546 900 2613 Hoc
938 2552 1032 2614 est
1070 2547 1342 2634 profecto
1384 2546 1537 2611 illud
1579 2550 1710 2610 tam
1751 2546 1985 2611 celebre
2042 2546 2361 2633 religionis
2401 2547 2722 2621 tributum,
2764 2547 2930 2630 quod
2971 2546 3012 2612 J
3016 2569 3115 2612 ovi
3158 2546 3396 2613 Cretico
3437 2549 3565 2611 sive
3607 2547 3963 2613 Minotauro
4005 2547 4127 2612 scl-

565 2652 791 2716 vebant
831 2647 1254 2722 Athenienses;
1296 2667 1418 2730 quo
1457 2646 1692 2710 tributo
1733 2642 2003 2712 Theseus
2044 2646 2220 2711 heros
2262 2648 2425 2712 cives
2470 2666 2609 2712 suos
2672 2645 2977 2712 liberavit.
3068 2649 3269 2715 Aliter
3340 2655 3488 2715 sane
3561 2647 3725 2712 hunc
3796 2647 4136 2733 religionis

458 2751 463 2760 ’
564 2771 798 2818 morem
838 2748 1051 2814 fabula
1091 2746 1289 2811 finxit.

763 2866 1160 2952 Androgeum
1203 2863 1388 2942 euim,
1434 2859 1658 2927 Minois
1701 2864 1763 2925 et
1807 2859 2140 2946 Pasiphaes
2194 2861 2418 2936 filium,
2471 2884 2611 2929 cum
2659 2863 2934 2929 Athenas
2976 2865 3249 2929 omnium
3294 2883 3586 2928 consensu
3628 2884 3694 2930 se
3763 2862 4118 2928 contulisset

575 2973 638 3033 et
679 2967 962 3033 omnibus
1002 2964 1259 3031 victoria
1299 2961 1718 3048 praestitisset,
1774 2961 2023 3048 Aegeus
2066 2984 2173 3027 rex
2215 2963 2627 3038 Atheniensis,
2699 2964 2808 3045 qui
2851 2962 2981 3048 ipse
3027 2984 3271 3047 quoque
3315 2961 3878 3028 Panathenaecrum
3923 2968 4118 3026 certa-

572 3069 743 3135 mina
784 3084 1108 3152 aggressus
1136 3068 1245 3139 est,
1287 3063 1527 3136 timens,
1572 3081 1651 3125 ne
1692 3083 1730 3124 a
1754 3059 2045 3125 Pallantis
2087 3060 2249 3137 filiis,
2294 3063 2361 3127 in
2404 3084 2663 3146 qnorum
2708 3063 3214 3128 consuetudinem
3259 3063 3621 3148 Androgeus
3664 3067 3934 3139 venerat,
3983 3086 4132 3149 pro-

571 3174 715 3257 pter
757 3165 1095 3231 amicitiam
1136 3161 1360 3228 Minois
1399 3160 1514 3224 filii
1553 3180 1742 3245 regno
1783 3159 2141 3245 pelleretur,
2186 3162 2424 3227 insidiis
2465 3161 2731 3238 structis,
2819 3160 3059 3226 Thebas
3141 3161 3219 3226 ad
3291 3161 3707 3248 spectaculum
3778 3164 4032 3232 missum
4077 3173 4142 3231 et

570 3289 683 3355 per
723 3267 1001 3352 regiones
1044 3261 1284 3328 Atticas
1324 3262 1444 3325 iter
1485 3259 1823 3324 facientem
1866 3259 2267 3327 occidendum
2309 3262 2567 3330 curavit.
2651 3261 2861 3326 Minos
2904 3283 3044 3326 vero
3114 3262 3388 3345 graviter
3428 3261 3547 3327 hoc
3588 3284 3731 3329 casu
3773 3271 4138 3343 commotus,

569 3388 706 3434 cum
748 3363 963 3430 fraude
1027 3362 1092 3426 id
1134 3358 1600 3425 Atheniensium
1648 3357 1941 3423 accidisse
1985 3362 2416 3445 suspicaretur,
2485 3365 2843 3445 comparata
2887 3359 3092 3434 classe,
3166 3360 3442 3425 Athenas
3485 3382 3846 3449 oppugnare
3897 3365 4134 3450 incipit.

569 3465 747 3546 Quod
769 3463 995 3527 bellum
1017 3482 1157 3526 cnm
1175 3459 1522 3523 diuturnius
1543 3459 1674 3522 fore
1694 3456 2018 3536 videretur,
2071 3482 2207 3526 cum
2233 3460 2509 3526 Athenas
2529 3460 2697 3525 nullo
2717 3458 2899 3523 modo
2944 3480 3296 3545 expugnare
3339 3465 3558 3543 posset,
3603 3462 3646 3527 J
3647 3485 3822 3528 ovem
3864 3463 4143 3530 obsecra-

568 3568 676 3643 vit,
719 3568 792 3629 ut
834 3561 1236 3627 Athenienses
1277 3579 1391 3642 pro
1433 3562 1567 3622 tam
1611 3554 1848 3621 nefario
1891 3559 2113 3625 scelere
2155 3561 2477 3626 commisso
2521 3581 2723 3645 poena
2766 3558 3048 3625 afficeret.

773 3677 862 3742 At
903 3698 1084 3760 quem
1124 3675 1347 3741 Jovem
1387 3671 1589 3737 Minos
1631 3672 1967 3740 obsecravit
2008 3697 2114 3740 rex
2158 3675 2510 3741 Cretensis?
2597 3674 2930 3740 Oraculum
2977 3674 3276 3758 Apollinis
3353 3674 3641 3760 thargelii
3686 3677 3782 3741 vel
3825 3678 4123 3762 delphinii

570 3776 940 3862 Delphicum
981 3775 1319 3859 prodidisse
1361 3775 1619 3840 videtur.
1705 3771 1866 3837 Nam
1911 3796 2051 3840 cum
2093 3775 2301 3840 Attica
2343 3776 2513 3862 regio
2554 3774 2837 3838 maximis
2880 3795 3021 3838 cum
3065 3774 3334 3839 cladibus
3399 3779 3755 3852 vastaretur,
3823 3785 3894 3844 nt
3939 3780 4133 3845 Athe-

573 3881 810 3946 nienses
855 3874 1168 3939 oraculum
1211 3876 1607 3947 consulerent,
1651 3895 1773 3956 qua
1813 3875 2198 3958 potissimum
2240 3875 2476 3939 ratione
2497 3896 2597 3939 eas
2639 3877 3005 3949 averterent,
3050 3873 3197 3937 deus
3239 3874 3568 3958 respoudit,
3616 3881 3684 3940 ut
3712 3876 3930 3943 darent
3976 3902 4123 3964 poe-

574 3998 685 4044 nas
726 3974 938 4048 Minoi,
984 3993 1137 4054 quas
1180 3974 1309 4056 ipse
1353 3974 1654 4048 volnisset;
1699 3975 1809 4056 qui
1850 3978 1919 4038 ut
1960 3973 2421 4056 quatuordecim
2466 3994 2726 4057 corpora
2769 3976 3002 4057 septem
3047 3974 3276 4037 scilicet
3319 3994 3647 4055 puerorum
3725 3997 3796 4040 ac
3866 3979 4140 4044 totidem

575 4080 775 4144 aetate
815 4073 1057 4160 parium
1099 4070 1439 4156 puellarum
1480 4073 1608 4135 sine
1650 4074 1835 4136 armis
1880 4072 2229 4137 Minotauro
2300 4072 2651 4137 devoranda
2729 4074 3042 4139 mitterent
3110 4072 3450 4155 imperavit.
3539 4073 3746 4138 Miseri
3818 4096 3963 4140 sane
4033 4080 4137 4144 isti

576 4177 751 4264 pueri
793 4180 856 4238 et
896 4171 1136 4256 puellae
1177 4172 1510 4253 quotannis
1553 4194 1627 4236 ex
1669 4173 2120 4246 nonnullorum,
2164 4172 2426 4254 septimo
2470 4193 2712 4256 quoque
2753 4195 2913 4238 anno
2957 4170 3228 4235 confecto
3271 4191 3345 4233 ex
3387 4169 3646 4236 aliorum
3686 4175 3977 4259 opinione
4023 4199 4137 4262 pa-

576 4275 868 4347 rentibus,
892 4271 1062 4346 focis,
1106 4270 1247 4350 aris,
1289 4270 1495 4354 patrie
1538 4275 1704 4334 terra
1748 4270 1973 4335 relictis
2015 4271 2298 4334 victimae
2343 4270 2696 4335 Minotauro
2742 4272 2809 4336 in
2852 4271 3096 4337 Cretam
3138 4269 3328 4333 ibant.

778 4390 866 4454 At
905 4389 1097 4452 valuit
1133 4389 1228 4452 ira
1269 4385 1512 4456 Minois.
1595 4387 1754 4463 Quid
1797 4391 1988 4472 ergo?
2074 4386 2297 4453 Minois
2337 4391 2401 4452 et
2445 4388 2770 4473 Pasiphaes
2820 4389 2977 4452 filius
3019 4388 3083 4451 in
3125 4384 3346 4449 fabulis
3388 4389 3521 4448 erat
3578 4383 3733 4452 Solis
3776 4395 3836 4452 et
3904 4388 4136 4470 Lunae,

578 4512 760 4574 quem
802 4511 840 4552 a
881 4493 1066 4553 tauro
1107 4484 1495 4550 Marathonio
1535 4487 1924 4551 interfectum
1966 4508 2094 4552 esse
2114 4485 2331 4551 altera
2374 4488 2581 4552 fabula
2625 4486 2801 4552 docet
2872 4507 3144 4570 quaeque
3214 4482 3366 4547 mihi
3432 4485 3676 4555 arridet.
3793 4488 3912 4554 Hic
3982 4492 4145 4554 enim

577 4594 790 4654 taurus
831 4591 924 4651 est
964 4587 1146 4661 idem,
1192 4604 1370 4669 quem
1396 4583 1722 4668 Neptunus
1762 4586 1856 4650 ira
1898 4587 2114 4651 ductus
2167 4585 2553 4651 Cretensibus
2609 4587 2882 4662 immisit,
2928 4585 3217 4650 Hercules
3260 4585 3326 4647 iu
3349 4582 3832 4667 Peloponnesum
3880 4590 4139 4666 traiecit,

581 4687 746 4772 quod
769 4686 1044 4765 Min(ois)
1088 4683 1444 4768 symbolum,
1489 4706 1631 4748 cum
1673 4705 1784 4769 per
1808 4685 2071 4770 Argivos
2111 4686 2177 4749 in
2219 4684 2668 4751 Marathoniam
2700 4685 2942 4750 Atticae
2983 4684 3297 4770 regionem
3341 4685 3619 4759 venisset,
3644 4684 3910 4752 Theseus
3954 4689 4145 4771 Apol·
4207 4761 4212 4764 .

580 4787 692 4850 lini
732 4790 796 4849 et
835 4785 1071 4850 Dianae
1113 4785 1377 4848 occisum
1422 4784 1776 4851 immolavit.
1862 4783 2099 4866 Opincr
2139 4784 2348 4868 igitur.
2426 4806 2462 4846 a
2533 4805 2653 4867 quo
2694 4788 2872 4848 tauro
2917 4783 3282 4868 Androgeus
3324 4783 3556 4846 occisus
3584 4785 3681 4861 sit,
3727 4787 3987 4850 eundem
4011 4807 4138 4851 esse

585 4885 858 4950 Taurum
876 4881 1211 4964 Creticum,
1257 4883 1428 4946 cuius
1470 4882 1699 4947 cultum
1723 4882 1990 4946 Theseus
2035 4882 2300 4945 sustulit.
2352 4882 2508 4946 Nam
2555 4884 2739 4947 iidem
2785 4883 2870 4946 dii
2914 4882 3078 4966 apud
3123 4888 3356 4946 veteres
3406 4881 3547 4944 boni
3590 4883 3852 4966 malique
3901 4885 4147 4949 daemo-

788 5099 835 5165 1)
904 5098 1007 5148 Cfr.
1047 5098 1279 5148 Johann·
1302 5099 1502 5149 Amold
1540 5101 1746 5158 Kauue,
1782 5099 1936 5150 Erste
1975 5099 2232 5150 Urknnde
2269 5100 2364 5149 der
2402 5098 2716 5148 Geschichte
2754 5100 2880 5149 oder
2917 5100 3231 5166 allgemeine
3267 5100 3607 5164 Mythologie‚
3643 5117 3694 5165 p.
3738 5099 3845 5152 196.
