4675 5859
2429 315 2467 374 8

665 509 987 593 applicata.
1071 507 1315 592 Jupiter
1356 529 1497 573 vero
1538 513 1610 572 ut
1650 530 1788 573 cum
1831 509 2072 575 Junone
2114 532 2254 574 vere
2298 519 2548 575 naturae
2591 531 2836 593 operam
2880 511 3002 574 dat.
3047 511 3148 574 ubi
3192 510 3432 579 cuculus
3485 511 3721 589 cecinit,
3784 510 3870 572 sic
3909 512 3975 575 in
4053 513 4236 584 Creta

670 608 980 692 Europam
1036 608 1170 691 ipso
1234 629 1474 691 quoque
1533 630 1674 674 vere
1717 613 1945 684 taurus,
2004 611 2188 675 cuius
2224 609 2523 674 anhelitus
2565 630 2806 674 crocum
2863 610 3107 678 redolet,
3156 634 3402 675 uxorem
3445 614 3626 683 ducit.
3710 619 3990 710 Europae
4039 623 4232 707 igitur

666 709 886 773 florum
927 708 1104 772 lectio
1152 719 1208 773 et
1250 707 1422 774 Jovis
1463 708 1767 774 anhelitus
1808 730 2050 774 croceus
2090 712 2358 793 pertinet
2400 711 2476 772 ad
2519 717 2802 776 naturam
2846 711 3002 773 veris
3043 718 3317 795 tempore
3359 711 3693 780 florentem.

869 808 1059 904 Moris
1100 827 1251 874 sane
1288 813 1436 885 erat,
1480 815 1551 875 ut
1592 832 1814 893 sponsa
1855 814 2169 892 raperetur
2213 814 2356 873 ante
2399 811 2660 893 nuptias,
2720 834 2899 894 quem
2946 833 3170 877 morem
3228 815 3516 895 opinione
3560 816 3826 884 humana
3868 848 3943 890 ne
3986 829 4233 911 Jupiter

665 911 911 995 quidem
953 909 1218 995 effugere
1258 916 1531 994 poterat;
1601 910 1706 973 sed
1749 909 2094 973 Herodotus
2137 910 2380 984 erravit,
2452 931 2588 974 cum
2633 910 2858 990 diceret
2904 934 2940 972 a
2996 912 3240 978 Graecis
3283 913 3595 997 Europam
3642 915 4039 989 Phoenicibus
4084 949 4234 1012 rap-

663 1018 794 1075 tam
834 1031 980 1084 esse,
1024 1011 1187 1094 quod
1230 1009 1557 1075 Phoenices
1619 1008 1839 1073 Jonem
1910 1014 2148 1093 raptam
2189 1013 2254 1073 in
2323 1010 2674 1096 Aegyptum
2747 1012 3090 1076 duxissent:
3154 1020 3429 1076 constare
3498 1018 3660 1081 enim
3717 1043 3854 1086 eum
3913 1046 4144 1089 morem
4189 1050 4226 1089 a

669 1113 913 1178 Graecis
956 1115 1017 1174 et
1057 1112 1332 1174 barbaris
1393 1111 1776 1174 observatum
1840 1131 1981 1184 esse,
2055 1111 2287 1192 quoties
2354 1110 2573 1172 bellum
2628 1111 2926 1174 oriturum
2981 1120 3152 1180 esset.
3247 1113 3326 1176 Jo
3381 1116 3560 1185 enim,
3615 1116 3739 1179 filia
3785 1120 3998 1187 Inachi
4042 1123 4212 1188 fluvii

665 1214 906 1297 Argivi,
951 1211 1055 1293 qui
1099 1212 1350 1274 dubium
1390 1232 1513 1275 non
1555 1213 1645 1271 est
1688 1210 1836 1291 quin
1878 1230 2067 1291 aeque
2110 1215 2292 1291 atque
2348 1207 2646 1272 Achelous
2702 1210 2897 1274 forma
2942 1217 3152 1275 taurea
3208 1215 3405 1277 cultus
3448 1215 3544 1286 sit,
3591 1214 3734 1280 Jovi
3779 1229 4028 1305 accepta
4076 1229 4225 1288 erat.

667 1317 800 1390 Qua
841 1334 906 1376 re
949 1331 1227 1374 concessa
1290 1311 1672 1376 manifestum
1717 1313 1824 1383 est,
1890 1331 2010 1392 qua
2072 1315 2396 1392 utrumque
2459 1332 2683 1374 numen
2737 1312 2922 1375 fuerit
2961 1312 3184 1386 forma,
3232 1334 3450 1398 nempe
3516 1315 3744 1390 eadem,
3798 1332 3925 1402 'qua
3982 1320 4233 1405 Jupiter

667 1435 804 1478 cum
846 1412 1093 1494 Europa
1134 1411 1200 1473 in
1263 1414 1437 1474 antro
1500 1410 1715 1474 Dieteo
1787 1408 2055 1472 Minoem
2103 1413 2162 1472 et
2228 1409 2760 1473 Rhadamanthum
2806 1414 3215 1493 procreavisse
3261 1414 3469 1487 fertur,
3518 1416 3681 1497 quod
3724 1421 4036 1503 utriusque
4083 1424 4237 1486 deae

667 1513 875 1577 fabula
919 1510 1126 1574 eadem
1172 1516 1261 1574 est-
1301 1511 1396 1574 vel
1437 1511 1763 1576 simillima.

863 1613 1057 1689 Quam
1128 1612 1205 1675 ob
1248 1632 1374 1674 rem
1431 1633 1549 1674 non
1600 1614 1708 1685 est,
1754 1630 1859 1672 cur
1902 1610 2207 1682 miremur,
2267 1610 2428 1692 quod
2486 1610 2791 1685 Asterion,
2842 1609 3054 1673 Cretae
3096 1634 3220 1684 rex,
3266 1611 3574 1697 Europam
3622 1617 3859 1682 duxerit
3902 1621 3964 1683 in
4008 1622 4228 1684 matri-

668 1716 960 1784 monium,
1022 1715 1091 1775 ut
1152 1711 1325 1776 ,Iovis
1377 1711 1658 1774 educaret
1698 1709 1879 1782 filios;
1947 1730 2087 1772 nam
2148 1710 2516 1773 Asterion
2583 1714 2750 1772 erat
2818 1708 3015 1771 idem
3084 1709 3406 1796 Jupiter
3477 1716 3663 1779 deus
3727 1720 3960 1788 coeli,
4028 1721 4227 1802 quod

666 1836 934 1881 numen
996 1816 1252 1876 terrae
1315 1810 1852 1893 appellabatur
1916 1809 2227 1892 Jupiter
2291 1808 2591 1874 Taurus.
2679 1808 2849 1872 ldem
2905 1829 3144 1891 quoque
3196 1813 3340 1876 deus
3408 1815 3689 1899 Europae
3748 1816 4051 1884 Cretensis
4096 1824 4230 1883 erat

665 1915 899 1979 coniux.
986 1912 1233 1994 Europa
1294 1917 1494 1974 autem
1562 1907 1879 1983 Cretensis,
1949 1931 2133 1990 quam
2178 1908 2353 1971 deam
2407 1909 2585 1972 fuisse
2643 1908 2876 1972 Lunam
2927 1915 3180 1980 constat,
3230 1935 3347 1976 non
3391 1914 3778 1979 abhorruisse
3797 1923 3850 1992 1)
3899 1919 4141 1981 videtur
4186 1943 4220 1981 a

668 2014 945 2078 Minerva
988 2011 1320 2087 Corinthia,
1364 2010 1523 2093 quod
1566 2010 1877 2091 utriusque
1941 2009 2085 2071 deae
2137 2030 2469 2091 cognomen
2523 2009 2821 2074 Hellotiae
2876 2010 3057 2073 fuisse
3122 2013 3477 2093 accepimus.
3569 2013 3833 2079 Hellotia
3874 2017 4066 2099 igitur
4112 2018 4228 2081 Co-

665 2113 892 2181 rinthia
932 2133 1159 2196 pompa
1202 2110 1382 2175 ducta
1420 2110 1767 2191 facibusque
1810 2109 2241 2172 collucentibus
2285 2131 2421 2172 cum
2466 2115 2599 2173 aeta
2641 2119 2857 2183 essent,
2902 2109 3037 2192 ipsa
3080 2132 3318 2193 quoque
3369 2111 3630 2177 Hellotia
3660 2114 3970 2178 Cretensia
4014 2117 4225 2180 eadem

668 2219 795 2282 fere
837 2216 1071 2279 ratione
1117 2213 1417 2277 celebrata
1460 2230 1588 2272 esse
1632 2208 2061 2272 contenderim.
3497 2227 3506 2236 -

867 2316 1177 2397 Gortynae
1219 2334 1378 2385 sane,
1443 2311 1508 2374 in
1570 2331 1751 2391 quam
1796 2310 2002 2371 urbem
2077 2330 2212 2371 curn
2279 2308 2435 2371 Jove
2457 2312 2743 2395 ⁴primum
2792 2315 3057 2382 venerat,
3115 2310 3309 2373 cultus
3355 2311 3633 2396 Europae
3677 2313 4011 2379 clarissima
4054 2315 4223 2378 sedes

665 2417 849 2483 fuerit
890 2415 999 2478 sub
1043 2413 1289 2496 platano
1335 2431 1519 2494 usque
1560 2410 1794 2473 virente
1835 2408 1912 2472 ad
1963 2408 2307 2483 Lethaeum,
2356 2411 2870 2494 mirabilissimam
2917 2411 3065 2475 illud
3108 2409 3351 2488 flumen,
3397 2412 3465 2475 in
3507 2435 3626 2496 quo
3661 2414 3909 2498 Europa
3949 2415 4227 2478 luebatur

665 2523 737 2583 ut
778 2515 940 2581 Juno
984 2515 1050 2578 in
1092 2512 1418 2577 Parthenio
1462 2509 1727 2572 flumine.
1817 2508 1936 2573 Sed
1979 2510 2163 2571 etiam
2208 2508 2496 2572 Graeciae
2539 2513 2754 2575 ceteris
2796 2513 2944 2576 locis
2988 2511 3146 2574 haud
3191 2513 3476 2596 ignobilis
3519 2518 3681 2586 erat;
3727 2536 3870 2578 nam
3914 2513 4229 2578 Teumessi

667 2639 857 2704 prope
900 2614 1138 2678 Thebas
1180 2614 1244 2675 in
1291 2613 1437 2675 urbe
1480 2610 1595 2673 sita
1638 2615 1882 2671 antrum
1929 2609 2057 2670 eius
2101 2630 2334 2671 sacrum
2382 2614 2530 2680 erat,
2602 2616 2670 2674 ut
2714 2612 3028 2676 Cretenses
3073 2619 3132 2674 et
3180 2613 3451 2695 Aegidae
3525 2613 3800 2677 Thebani
3879 2614 4224 2697 Apollinem

667 2719 964 2783 Carneum
1006 2712 1199 2777 filium
1241 2710 1413 2776 Jovis
1457 2715 1517 2772 et
1558 2707 1840 2790 Europae
1887 2729 2075 2771 suum
2118 2709 2387 2789 ipsorum
2439 2710 2614 2773 deum
2658 2731 2783 2773 esse
2827 2711 3223 2775 affirmarent.

864 2817 1015 2880 Cum
1057 2814 1300 2897 Jupiter
1344 2810 1611 2874 Creticus
1654 2815 1866 2871 taurea
1909 2809 2107 2871 forma
2152 2809 2325 2873 fictus
2371 2810 2688 2881 coleretur,
2733 2812 2963 2874 factum
3008 2815 3113 2883 est,
3165 2815 3248 2882 ut,
3294 2831 3474 2890 quain
3521 2833 3705 2894 supra
3735 2814 4225 2877 commemoravi.

666 2918 823 2982 mira
864 2917 940 2978 de
987 2914 1328 2977 Minotauro
1372 2911 1578 2973 fabula
1620 2910 1957 2990 composita
2002 2911 2100 2978 sit.

864 3013 982 3078 Sed
1026 3033 1159 3075 ecee
1203 3011 1428 3074 Minois
1469 3031 1624 3072 uxor
1674 3007 2025 3090 Pasiphae-³)
2069 3009 2189 3071 fuit
2232 3008 2434 3073 Solis
2476 3008 2689 3084 filia,
2738 3011 2907 3073 euius
2951 3010 3183 3073 notatio
3229 3009 3441 3072 eadem
3484 3015 3572 3073 est
3617 3018 3802 3095 atque
3830 3010 4227 3093 Euryphaes-

666 3137 786 3188 sae,
871 3133 1024 3195 quae
1068 3114 1198 3174 erat
1238 3115 1433 3173 mater
1475 3109 1630 3174 Solis
1674 3114 1734 3170 et
1778 3107 2002 3182 Lunae,
2080 3109 2203 3172 sive
2246 3107 2550 3191 Europae,
2622 3111 2823 3174 uxoris
2886 3109 2922 3174 J
2930 3110 3060 3172 ovis
3104 3108 3342 3178 Cretici.
3429 3108 3726 3193 Pasiphae
3770 3113 3959 3196 igitur
4001 3131 4226 3173 nomen

674 3217 917 3282 Selenes
959 3212 1055 3275 vel
1097 3209 1305 3273 Lunae
1347 3209 1483 3282 fuit,
1527 3209 1695 3271 cuius
1742 3210 1990 3271 maritus
2034 3207 2285 3287 Min(os)
2332 3209 2458 3270 sive
2505 3208 2645 3273 Men
2692 3209 2808 3273 vel'
2834 3209 3098 3288 Man(es)
3144 3230 3362 3271 nomen
3407 3209 3569 3272 Solis
3612 3209 3935 3274 dicendum
3977 3217 4083 3276 est.

864 3313 1031 3388 Quae
1074 3309 1326 3373 numina
1372 3307 1617 3370 luminis
1687 3307 1960 3385 eoelestis
2031 3330 2165 3370 cnm
2238 3309 2512 3391 symbolo
2582 3310 2912 3373 fertilitatis
2980 3307 3282 3372 terrestris
3353 3309 3511 3372 culta
3582 3313 3794 3378 essent,
3862 3310 4078 3382 evenit,
4159 3313 4230 3372 ut

668 3415 940 3496 Min(os),
986 3415 1311 3493 postquam
1354 3408 1554 3471 Minos
1598 3411 1657 3469 et
1708 3405 1998 3488 Pasiphae
2042 3408 2188 3470 facti
2234 3413 2377 3470 sunt
2419 3410 2720 3483 mortales„
2797 3419 3008 3472 taurea
3054 3409 3252 3471 forma
3296 3409 3467 3472 fictus
3515 3408 3895 3472 Minotaurus
3940 3409 4222 3471 adorare-

666 3519 793 3586 tur;
838 3532 992 3593 quae
1035 3510 1243 3591 opinio
1288 3508 1527 3571 nomine
1599 3505 1975 3575 Asteriiss),
2052 3507 2218 3589 quod
2261 3528 2599 3591 cognomen
2643 3508 2978 3571 Minot·inri
3024 3508 3206 3571 fuisse
3249 3509 3479 3582 fertur:
3507 3509 3661 3571 fulta
3703 3514 3814 3578 est,
3899 3506 4062 3571 Nam
4107 3530 4222 3570 vox

668 3612 903 3677 Asterii
945 3611 1021 3674 ab
1065 3608 1306 3673 Hathor
1350 3607 1441 3669 vel
1489 3605 1743 3680 Athara,
1789 3629 1945 3688 quae
1987 3608 2203 3671 bovem
2247 3607 2573 3691 significat,
2641 3630 3022 3692 nequaquam
3066 3608 3389 3671 abhorrere
3434 3610 3690 3682 videtur,
3757 3630 3831 3671 ex
3876 3630 3996 3691 qua
4038 3608 4224 3670 etiam

666 3734 804 3776 cum
860 3712 1143 3807 Ἀθηνᾶ
1187 3709 1312 3770 sive
1354 3708 1624 3805 Ἀθήνη
1693 3713 1820 3769 tum
1870 3709 2110 3769 Astarte
2176 3707 2269 3769 vel
2315 3707 2563 3770 Astoret
2628 3713 2762 3772 orta
2826 3729 2952 3770 esse
3030 3708 3371 3786 credituri).
3459 3708 3772 3790 Siquidem
3835 3708 4222 3771 Minotaurus

674 3812 800 3874 sive
847 3810 1140 3873 Asterius,
1184 3807 1353 3870 cuius
1395 3807 1798 3888 veriloquium
1862 3828 1998 3870 cum
2063 3827 2209 3870 voce
2252 3812 2427 3905 θῶρ
2472 3808 2596 3869 sive
2641 3807 2855 3870 sthura
2901 3808 3271 3887 congruitur,
3340 3808 3535 3871 cultus
3577 3810 3668 3869 est
3715 3807 4042 3889 Gortynae,
4111 3828 4222 3868 ne-

872 4043 917 4098 1)
956 4044 1018 4089 (ἱ.
1056 4042 1114 4091 F.
1151 4041 1493 4098 Schoemann,
1528 4058 1606 4102 gr.
1644 4040 1878 4096 Alton-th„
1916 4041 1983 4087 ll.
2025 4057 2068 4104 μ.
2106 4043 2228 4086 420:
2266 4039 2325 4086 ln
2367 4040 2588 4088 Korinth
2648 4040 2821 4088 wurdt·
2879 4041 3076 4088 Athena
3141 4047 3288 4087 untvr
3342 4040 3455 4088 dom
3511 4040 3796 4088 lleiuamen
3835 4040 4064 4088 llvllotis
4102 4039 4228 4088 oder

672 4112 899 4161 Hellotia
940 4109 1167 4166 verelirt,
1204 4107 1310 4155 und
1344 4106 1411 4155 da
1444 4107 1809 4161 andorswo,
1863 4107 2181 4155 nannentlich
2241 4107 2338 4154 auf
2369 4105 2545 4165 Kreta,
2599 4106 2732 4155 auch
2765 4106 2976 4171 Europa
3022 4106 3305 4156 denselben
3349 4107 3628 4155 Beinanwn
3668 4112 3801 4167 trug,
3841 4124 3968 4155 vei-n
4008 4107 4039 4154 d
4056 4125 4083 4150 υ
4101 4123 4122 4153 ι·
4160 4124 4229 4154 es

669 4195 735 4228 er
755 4180 1003 4226 wieson
1044 4176 1163 4234 ist,
1200 4174 1355 4222 «lass
1390 4174 1488 4221 sie
1524 4173 1620 4222 als
1656 4174 2073 4234 Mondgfzttin
2128 4172 2418 4232 gedacht
2469 4175 2564 4220 sei
2618 4172 2858 4236 (Preller,
2897 4173 3063 4235 Myth.
3101 4173 3169 4220 ΙΙ.
3207 4191 3255 4238 p.
3294 4173 3392 4234 79),
3429 4189 3486 4220 so
3523 4173 3649 4237 liegt
3686 4188 3740 4222 es
3777 4174 3930 4232 nahe,
3968 4173 4103 4222 auch
4139 4173 4223 4221 hei

668 4246 763 4294 der
798 4241 1197 4292 korintliischen
1232 4239 1457 4287 Hellotis
1494 4257 1560 4289 an
1596 4240 1687 4289 das
1724 4240 2023 4290 nachtliehe
2060 4239 2352 4288 Mondlicht
2387 4255 2449 4288 zu
2487 4239 2709 4288 denium.

862 4313 913 4366 2)
984 4308 1203 4358 (ὶθὺθΙίη
1242 4307 1274 4354 l.
1313 4322 1389 4354 (κε
1443 4308 1613 4355 Minos
1650 4302 1777 4356 &tait
1812 4308 1892 4356 fils
1929 4307 1994 4354 de
2028 4307 2251 4371 Jupiter,
2281 4313 2332 4356 et
2367 4306 2420 4353 le
2446 4306 2604 4354 'soleil
2642 4305 2832 4354 n'est-il
2870 4321 2961 4370 pas
2997 4321 3063 4354 un
3104 4321 3332 4368 ouvrage
3369 4304 3433 4353 de
3470 4305 3520 4353 la
3557 4298 3776 4352 divinite
3811 4311 3864 4353 et
3902 4321 3968 4352 ιιιι
4006 4304 4071 4353 de
4107 4303 4226 4369 plus

665 4376 1013 4425 admit-ables?
1083 4373 1342 4438 Pasiphae
1377 4379 1455 4423 est
1489 4389 1545 4422 sa
1580 4374 1782 4427 femme.
1836 4375 1962 4423 mais
2000 4389 2059 4422 ce
2096 4378 2201 4422 mot
2235 4379 2314 4422 est
2348 4367 2587 4437 compo&i
2625 4371 2688 4422 de
2724 4388 2808 4421 ces
2844 4372 2976 4421 deux
3031 4378 3193 4437 mots:
3251 4372 3545 4436 vasi-phas,
3601 4372 3686 4435 qui
3724 4372 3931 4432 significi
3968 4371 4224 4420 flambeau

665 4459 797 4509 pour
832 4449 970 4505 tousg
1029 4449 1079 4490 et
1115 4442 1201 4506 qui
1236 4448 1363 4506 peut
1397 4438 1506 4489 &tre
1544 4441 1591 4488 la
1628 4441 1815 4490 femme
1853 4442 1916 4489 de
1950 4440 2123 4489 Minos
2159 4455 2226 4488 ou
2262 4440 2330 4489 du
2365 4439 2537 4496 soleil,
2574 4440 2616 4488 si
2656 4455 2716 4488 ce
2750 4440 2877 4488 11'est
2913 4438 3046 4486 celle
3082 4439 3168 4503 qui
3205 4446 3313 4487 sert
3348 4438 3413 4486 de
3449 4437 3704 4487 flambeau
3741 4453 3773 4486 a
3809 4445 3921 4486 tout
3957 4437 4224 4492 l’univers,

662 4510 925 4574 Pasiphae
960 4525 1025 4557 ou
1062 4509 1111 4557 la
1144 4508 1310 4556 lune?
1347 4507 1603 4571 Pasiphae
1626 4509 1760 4555 aime
1797 4507 1845 4556 le
1880 4514 2095 4556 totu-ean
2132 4506 2287 4555 blanc
2321 4508 2446 4555 sorti
2483 4507 2574 4556 «les
2610 4521 2772 4554 eaux:
2808 4508 2938 4554 mais
2975 4522 3033 4554 ce
3068 4513 3285 4554 toni-ean
3321 4505 3509 4552 n'est-il
3566 4519 3639 4552 ιιι-ι
3674 4504 3725 4552 le
3761 4504 3914 4553 soleii
3953 4501 4219 4551 lui-meme

662 4578 788 4627 sorti
832 4577 899 4624 du
935 4577 1047 4625 sein
1076 4575 1165 4624 des
1202 4589 1333 4623 caux
1370 4591 1435 4624 au
1469 4580 1634 4639 temps
1670 4574 1738 4623 du
1774 4574 1972 4623 cahos?
2008 4573 2217 4622 n'est-oe
2254 4590 2344 4638 pas
2381 4589 2446 4622 un
2487 4573 2550 4622 de
2585 4589 2666 4622 ses
2703 4589 2850 4622 nonis
2887 4571 2934 4620 le
2961 4572 3075 4637 plus
3100 4587 3367 4621 comnums
3392 4570 3520 4621 (lans
3546 4521 4178 4634 i'a11tiqnit6allegorique
4203 4571 4230 4616 ‘?

867 4645 917 4696 35
988 4643 1141 4690 Paus.
1176 4641 1246 4688 ΙΙ.
1281 4644 1361 4690 31.
1402 4644 1443 4689 1.

860 4709 912 4768 4)
984 4709 1074 4756 Dr.
1115 4709 1311 4756 Krause
1345 4708 1379 4756 l.
1416 4724 1490 4756 (κε
1546 4708 1651 4756 Der
1687 4707 1870 4755 Orien?
1906 4705 2038 4754 habe
2075 4706 2157 4754 die
2195 4707 2374 4755 Gczttin
2412 4705 2500 4753 des
2538 4706 2757 4754 Mandas
2793 4706 3014 4770 golmi-nt
3067 4704 3387 4769 ‹lai-gestent,
3441 4704 3575 4752 auch
3630 4705 3722 4751 mit
3756 4702 3872 4751 dem
3913 4701 4084 4765 Kopfe
4121 4700 4218 4749 der

662 4776 783 4824 Kuh
821 4776 945 4824 oder
981 4790 1114 4836 ganz
1152 4776 1203 4821 in
1242 4775 1442 4824 (lestalt
1477 4773 1568 4822 cler
1606 4773 1741 4822 Kuh.
1810 4773 1916 4821 Auf
1946 4773 2088 4822 diese
2116 4771 2450 4832 Vsu-stellulis:
2486 4772 2700 4821 beziehs·
2736 4772 2844 4820 sich
2884 4772 3336 4836 ‹lm-1›}1··³nizi-=‹·lie
3363 4771 3527 4820 Nume
3557 4771 3784 4819 Aschera
3822 4768 3948 4817 oder
3982 4766 4218 4835 'fi-969«,

664 4842 934 4906 egyptiseh
974 4841 1192 4899 Hathor,
1244 4841 1470 4890 welchor
1506 4840 1623 4889 Kuh
1662 4839 1920 4888 bedentet.
1994 4840 2100 4888 Der
2136 4840 2301 4887 Name
2338 4840 2429 4888 ‹ler
2467 4840 2827 4900 griechischen
2867 4839 3045 4888 &attin
3075 4839 3296 4902 Ἀθάνα,
3369 4838 3532 4901 ιθῆνη
3587 4838 3659 4884 sei
3696 4834 4077 4898 etvmologiseh
4117 4834 4217 4881 mit

660 4911 864 4978 Ἀθάρα
886 4908 1113 4957 Asc-hera
1154 4907 1423 4967 identisch,
1460 4908 1597 4958 deun
1635 4907 1727 4957 der
1752 4906 1994 4954 'Wechsel
2032 4923 2131 4953 von
2170 4923 2204 4953 n
2242 4906 2346 4954 und
2383 4923 2406 4954 r
2445 4905 2577 4953 lasse
2612 4908 2721 4955 sich
2749 4906 3010 4955 mehrfach
3050 4905 3287 4966 haleg-en,
3324 4921 3381 4950 so
3419 4904 3698 4952 besonders
3736 4901 3900 4949 durch
3938 4901 4021 4950 die
4060 4901 4214 4949 semi—

670 4977 838 5024 tisehe
878 4975 1211 5039 noppelform
1250 4975 1347 5022 beu
1385 4975 1493 5023 und
1529 4974 1620 5023 har
1657 4974 1749 5023 der
1787 4973 1948 5020 Soliti.

1182 5043 1209 5092 0
