4675 5859
2276 399 2355 462 13

527 645 635 691 nes
677 640 817 685 cum
856 616 1160 690 fuerint.1)
1205 610 1404 674 dicam
1458 605 1531 667 ab
1559 604 1694 687 ipso
1735 605 1910 684 patre
1945 598 2257 683 Androgei
2301 596 2541 662 caedem
2584 595 2651 658 in
2678 593 2801 657 filio
2846 613 2973 657 esse
3016 591 3415 658 commissam.
3503 588 3630 653 Iam
3675 607 3818 653 vero
3879 591 4090 675 ipsum

442 774 449 782 .
533 718 844 804 Androgei
886 711 1106 779 nomen
1147 711 1299 775 mire
1339 704 1512 770 nobis
1534 699 1807 766 inservit:
1851 699 2069 763 alludit
2108 699 2271 763 enim
2314 695 2395 761 ad
2435 696 2872 781 agriculturam
2917 693 3325 776 maritumque
3359 695 3564 754 terrae
3594 695 3852 774 sonam)
3912 692 4091 759 Unde

534 820 799 904 colliges,
844 837 952 879 cur
1023 812 1224 877 Minos
1296 806 1549 888 Megara
1591 801 1822 885 potitus
1865 800 1963 872 sit,
2010 799 2283 863 Athenas
2325 817 2680 883 expugnare
2722 816 2843 859 non
2884 794 3176 880 potuerit.
3268 792 3655 878 Megarensis
3700 794 3871 858 enim
3916 796 4093 877 regio

534 922 845 988 frumento
891 919 1027 980 erat
1069 912 1257 976 ferax.
1301 929 1436 971 cum
1479 905 1689 969 Attica
1731 910 1895 967 terra
1937 900 2188 966 collibus
2228 904 2291 962 et
2333 898 2640 963 montibus
2681 897 2959 961 intersita
2988 915 3141 979 agro
3173 892 3423 958 colendo
3471 893 3673 959 minus
3715 898 3864 979 apta
3907 901 4086 973 esset,

537 1028 610 1087 uf,
647 1023 784 1085 orta
832 1016 916 1081 sit
955 1012 1161 1079 fabula
1203 1006 1602 1091 Androgeum
1644 1008 1842 1068 terrae
1912 1004 2204 1065 maritum
2274 999 2351 1063 ab
2395 996 2863 1063 Atheniensibus
2936 996 3258 1059 interiisse.
3350 993 3812 1077 Agriculturam
3886 997 4092 1080 ipsam

538 1117 853 1202 Androgei
902 1115 1029 1180 tata
1064 1106 1430 1193 spectavisse
1446 1151 1461 1180 ,
1529 1103 1791 1187 probant
1847 1102 1976 1167 ludi
2038 1104 2329 1187 gymnici,
2399 1125 2436 1165 a
2498 1101 2704 1165 Minoe
2766 1099 2833 1162 in
2884 1094 3196 1177 Androgei
3259 1095 3613 1168 memoriam
3680 1097 3966 1174 instituti,
4029 1101 4091 1164 in

539 1220 759 1305 quibus
799 1214 1036 1279 athleta
1078 1208 1323 1274 nomine
1362 1209 1572 1268 taurus
1613 1202 1885 1287 praemia
1925 1201 2194 1266 tollebat.
2279 1201 2441 1267 Miro
2484 1200 2745 1285 quodam
2811 1196 2992 1261 modo
3037 1193 3266 1257 similes
3309 1212 3547 1275 quoque
3609 1197 3781 1264 ludos
3824 1200 3889 1263 in
3931 1202 4095 1266 eius..

540 1320 680 1384 dem
722 1317 1012 1380 honorem
1054 1308 1448 1373 instituerunt
1488 1302 1908 1378 Athenienses,
1952 1322 2102 1386 quos
2144 1302 2357 1367 eodem
2399 1323 2520 1384 quo
2564 1300 2878 1365 Cretenses
2920 1298 3114 1381 egisse
3156 1291 3338 1358 modo
3381 1295 3676 1364 feruntur.

739 1413 861 1481 Sed
902 1410 1053 1494 quid
1113 1406 1362 1472 tandem
1426 1402 1745 1486 Androgei
1808 1403 1937 1468 fata
1999 1403 2225 1468 habent
2284 1400 2699 1467 similitudinis
2759 1420 2896 1464 cum
2961 1399 3126 1464 cultu
3184 1395 3358 1463 Jovis
3400 1396 3664 1463 Cretici?
3736 1398 3890 1464 Cum
3931 1403 4095 1469 enim

542 1515 938 1583 Athenienses
957 1508 1159 1574 Minoi
1200 1524 1426 1590 poenas
1445 1504 1745 1567 solverent
1764 1504 1890 1568 sive
1931 1503 2232 1588 primitias
2250 1501 2600 1567 Minotauro
2643 1501 2971 1571 mitterent,
2998 1495 3310 1583 Androgei
3353 1497 3479 1559 sive
3501 1500 3880 1582 agricolae
3922 1504 4102 1568 tatis

541 1615 871 1701 implicitos
920 1610 1119 1676 fuisse
1163 1606 1322 1670 cives
1345 1603 1586 1668 Atticos
1627 1603 1915 1686 suspicor;
1960 1624 2111 1685 quas
2151 1603 2453 1686 primitias
2494 1623 2631 1666 cum
2660 1600 2886 1665 diutius
2929 1600 3072 1663 dare
3100 1596 3348 1670 nollent,
3391 1596 3658 1664 fabulam
3682 1601 3757 1664 de
3783 1600 4100 1688 Androgei

542 1723 741 1781 morte
783 1717 983 1776 ortam
1033 1727 1160 1771 esse
1202 1705 1434 1789 opinor.
1479 1702 1680 1767 Minos
1719 1703 1927 1788 igitur,
1973 1725 2112 1768 cum
2151 1702 2557 1777 intellexisset,
2605 1703 2670 1766 in
2691 1723 2763 1765 eo
2792 1721 2942 1779 esse,
2986 1704 3057 1763 ut
3099 1696 3498 1762 Athenienses
3519 1700 3787 1783 primtiis
3829 1720 3899 1763 ac
3927 1701 4094 1788 lega-⁴

542 1816 709 1881 tione
751 1832 922 1875 sacra
967 1830 1094 1873 sese
1134 1810 1522 1893 posterosque
1552 1802 1908 1878 liberarent,
1952 1807 2213 1869 mortem
2261 1804 2375 1868 filii
2418 1803 2624 1867 ulcisci
2666 1801 2999 1867 constituit.

751 1906 1293 1994 Allegoricam
1333 1902 1585 1989 igitur
1627 1901 1880 1967 Minos
1921 1906 2317 1988 paravisse
2363 1904 2653 1968 videtur
2692 1900 3280 1987 expeditionem;
3346 1919 3526 1980 quam
3570 1900 3933 1964 sententiam
3971 1922 4092 1965 non

549 2014 785 2088 reicies,
828 2011 934 2075 ubi
982 2005 1495 2078 animadverteris,
1539 2004 1605 2066 in
1648 2004 1828 2067 rebus
1870 2003 2306 2087 agriculturam
2355 2003 2763 2092 spectantibus
2821 2001 3174 2085 saepissime
3237 2019 3576 2063 sermonem
3632 1998 3927 2065 iniectum
3973 2023 4103 2069 esse

550 2137 674 2180 non
713 2112 907 2176 solum
948 2110 1023 2172 de
1065 2108 1273 2180 bobus,
1318 2125 1468 2187 quos
1514 2104 1599 2168 dii
1639 2104 1785 2189 iugo
1832 2104 2195 2171 submittunt
2256 2128 2526 2191 quosque
2574 2128 2613 2170 a
2654 2104 2926 2188 plaustro
3004 2101 3394 2181 disiungunt,
3439 2100 3547 2164 sed
3589 2101 3771 2182 etiam
3816 2100 3890 2163 de
3932 2104 4100 2187 agri-

548 2214 711 2288 colis,
752 2230 905 2295 quos
944 2208 1024 2271 ad
1064 2226 1249 2290 opera
1302 2206 1525 2270 rustica
1568 2226 1750 2268 verno
1792 2205 2059 2270 excitant
2099 2214 2371 2291 tempore
2429 2224 2699 2292 quosque
2755 2202 3067 2268 auctumni
3125 2208 3438 2265 removent
3479 2200 3823 2285 frigoribus.
3927 2201 4096 2266 Idem

548 2322 619 2380 ut
659 2313 792 2377 aliis
832 2328 1173 2396 proponam
1213 2304 1428 2380 vei-bia,
1474 2305 1581 2369 dii
1645 2306 2133 2371 cessantibus
2196 2309 2516 2373 rusticis
2578 2305 2967 2372 laboribus
3035 2304 3259 2368 boves
3330 2300 3864 2388 agricolasque
3906 2304 4107 2367 occi-

555 2415 769 2479 dunt.
855 2410 1100 2476 Minos
1163 2406 1422 2490 igitur
1477 2407 1639 2471 sive
1681 2406 1999 2482 Taurus,
2062 2409 2596 2492 agriculturae
2659 2408 2845 2482 deus,
2892 2404 3403 2489 Androgeum
3466 2403 3629 2467 sive
3670 2401 4106 2485 agricolam

553 2510 1024 2577 interemisse
1080 2508 1396 2580 videtur,
1464 2506 1687 2571 cuius
1728 2505 2065 2572 Theseus
2107 2510 2383 2575 vindex
2432 2511 2705 2583 oritur,
2751 2530 2912 2573 cum
2940 2505 3453 2570 Athenienses
3498 2507 3972 2578 recusarent,
4019 2524 4112 2566 ne

554 2613 945 2698 primitias
987 2612 1061 2674 in
1106 2608 1396 2672 Cretam
1440 2606 1864 2675 mitterent.

754 2712 926 2778 Jovis
969 2708 1190 2776 Cretici
1253 2703 1479 2769 cultum
1540 2706 1721 2771 fuisse
1762 2709 2069 2773 rudiorem
2108 2714 2377 2785 constat3
2420 2732 2563 2776 nam
2605 2709 2851 2792 Dactyli
2910 2707 3078 2772 Idaei
3122 2712 3263 2772 sunt
3303 2705 3423 2778 isti,
3486 2727 3521 2765 a
3569 2703 3787 2790 quibus
3831 2700 4114 2766 homines

556 2818 767 2878 cautus
809 2812 1102 2896 quosdam
1145 2805 1510 2888 sumpserint
1553 2828 1624 2871 ac
1665 2810 2083 2892 superstitiosa
2105 2812 2418 2893 quaedam.
2481 2813 2745 2888 Curetes,
2796 2809 2900 2894 qui
2946 2829 3045 2873 eos
3088 2808 3276 2872 secuti
3323 2813 3479 2880 sunt,
3524 2825 3874 2888 quanquam
3915 2804 4108 2868 multa

558 2914 636 2978 ad
680 2933 1057 2978 communem
1098 2907 1260 2973 vitae
1299 2925 1474 2969 usum
1517 2911 1578 2970 et
1618 2908 1818 2993 legum
1867 2909 2249 2993 disciplinam
2286 2912 2624 2976 instituisse
2675 2910 2968 2985 feruntur,
3030 2917 3172 2974 sunt
3236 2910 3341 2992 qui
3385 2907 3721 2989 repererint
3761 2908 4001 2992 galeam
4050 2917 4112 2971 et

556 3015 740 3078 armis
780 3010 1053 3078 certandi
1097 3025 1345 3080 morem,
1391 3025 1648 3087 quorum
1688 3010 1949 3094 strepitu
1987 3032 2324 3095 permagno
2369 3012 2668 3079 Saturnus
2718 3012 2848 3095 ipse
2912 3012 3199 3094 deceptus
3262 3013 3368 3083 est,
3414 3031 3553 3073 cum
3596 3031 3634 3071 a
3677 3009 3848 3074 Rhea
3888 3009 3931 3075 J
3934 3031 4108 3075 ovem

559 3115 715 3178 clam
755 3110 1144 3178 nutriendum
1186 3108 1567 3188 accepissent.
1648 3109 1807 3186 Quid
1836 3112 2021 3195 ergo?
2065 3110 2369 3196 Dactyliss)
2400 3111 2712 3176 Cretenses
2755 3115 2817 3175 et
2845 3112 3090 3176 Curetes
3119 3132 3256 3175 cum
3286 3108 3442 3175 Solis
3485 3109 3712 3174 fuerint
3753 3111 4109 3186 sacerdotes,

559 3235 761 3279 nonne
802 3214 917 3276 hoc
959 3210 1333 3297 procedendi
1376 3214 1555 3278 modo
1597 3210 2012 3275 enthusiastici
2075 3215 2216 3275 sunt
2258 3212 2543 3277 dicendi?
2608 3213 2696 3276 At
2749 3212 3030 3276 nutriunt
3072 3211 3111 3275 J
3115 3232 3288 3274 ovem
3325 3210 3701 3275 Cureticum!
3748 3211 3881 3288 Quo
3924 3213 4115 3297 igitur

561 3314 803 3378 nomine
848 3312 889 3377 J
892 3313 1021 3376 ovis
1073 3310 1293 3377 Cretici
1338 3315 1566 3377 cultum
1611 3309 1947 3394 appellabis
1962 3313 1993 3372 Ῥ
2062 3309 2328 3375 Nomine
2393 3313 2664 3397 profecto
2720 3312 3151 3386 enthusiastici,
3211 3311 3318 3394 qui
3359 3310 3570 3384 cultuS,
3631 3331 3770 3374 cum
3810 3333 4004 3376 mores
4047 3314 4111 3378 in

561 3414 687 3478 dies
728 3409 1034 3476 molliores
1086 3414 1302 3477 fierent
1342 3420 1404 3478 et
1444 3414 1522 3477 ad
1564 3411 2006 3476 humanitatem
2049 3412 2245 3495 magis
2308 3413 2625 3497 magisque
2687 3412 2962 3477 homines
3005 3412 3372 3487 accederent,
3434 3434 3568 3477 cum
3613 3411 3821 3475 multis
3863 3414 4106 3497 populis

561 3520 694 3579 tum
736 3511 1201 3577 Atheniensibus
1257 3513 1572 3598 displicere
1627 3513 1846 3595 coepit.
1929 3510 2183 3575 Factum
2241 3516 2332 3575 est
2372 3512 2438 3575 id
2478 3534 2549 3578 eo
2590 3516 2880 3597 tempore,
2924 3534 3063 3577 cum
3105 3511 3280 3575 multi
3309 3511 3406 3574 dei
3448 3533 3521 3575 ex
3552 3510 3732 3575 Creta
3774 3512 4118 3596 proficisce-

562 3614 785 3678 bantur
812 3612 891 3676 ad
932 3618 1171 3676 exteras
1210 3619 1439 3699 gentse,
1490 3619 1557 3677 ut
1598 3614 1858 3676 lenirent
1900 3635 2112 3687 mores,
2161 3617 2224 3675 ut
2265 3613 2443 3676 urbes
2484 3612 2613 3675 iure
2656 3612 3011 3697 legibusque
3057 3614 3130 3676 de
3173 3614 3413 3698 integro
3458 3623 3517 3676 et
3556 3635 3743 3676 novas
3786 3616 4118 3682 conderent

559 3715 868 3784 civitates;
912 3733 1032 3795 quo
1075 3716 1347 3797 tempore
1390 3713 1609 3798 Apollo
1651 3714 1780 3797 ipsc
1821 3713 2153 3796 plurimum
2192 3713 2485 3795 temporis
2527 3713 2684 3775 circa
2725 3712 2994 3798 Delphos
3038 3719 3100 3777 et
3121 3713 3340 3778 Delum
3384 3719 3652 3778 versatus
3697 3721 3802 3790 est,
3849 3724 3918 3779 ut
3963 3716 4106 3780 Cre-

560 3820 756 3878 tenses
796 3813 1102 3876 rudiorem
1147 3813 1374 3876 cultum
1418 3815 1707 3877 abnuenti
1753 3811 1864 3874 deo
1908 3812 2209 3895 primitias
2254 3814 2475 3878 Delum
2517 3813 2846 3878 mitterent.
2919 3813 3079 3879 Hinc
3123 3815 3345 3898 Apollo
3376 3815 3625 3898 eiusque
3667 3815 3880 3892 cultus,
3957 3815 4116 3880 Solis

559 3935 797 3997 quoque
835 3913 1019 3994 idem,
1065 3911 1170 3975 sed
1211 3912 1543 3996 plurimum
1581 3935 1618 3976 a
1662 3914 2194 3996 superstitionibus
2237 3915 2487 3992 alienuS,
2532 3913 2740 3978 multis
2764 3915 2828 3979 in
2857 3917 3037 3979 terris
3071 3915 3274 3978 sedem
3298 3915 3633 3991 collocavit,
3679 3916 4116 3981 enthusiastico

563 4013 841 4097 plurimis
884 4033 957 4075 ex
999 4013 1349 4096 regionibus
1394 4016 1564 4098 pulso
1582 4062 1597 4088 ,
1640 4035 1882 4077 omnem
1924 4014 2412 4097 superstitionem
2457 4015 2753 4098 expellere
2780 4015 3030 4089 studuit,
3089 4015 3411 4099 imperium
3442 4015 3483 4080 J
3485 4017 3614 4080 ovis
3657 4014 3877 4080 Cretici
3919 4016 4122 4081 rudis·

768 4163 816 4224 1)
884 4163 1009 4212 Max
1053 4163 1318 4225 Duncker,
1356 4165 1665 4216 Geschichte
1701 4165 1790 4215 des
1826 4165 2164 4223 Altert-lnuns,
2198 4165 2242 4213 Ι.
2280 4182 2327 4229 p.
2364 4157 2484 4214 263':
2537 4166 2610 4214 Es
2645 4167 2712 4215 ist
2745 4163 3108 4215 voi-nehmlich
3147 4166 3239 4216 der
3275 4166 3462 4216 Kultns
3499 4167 3590 4215 des
3627 4165 3810 4215 Gottes
3847 4167 3972 4216 Men
4010 4168 4118 4216 und

564 4229 1057 4345 ((ῗεει·11ξ;.ἷ“ιὃῐίτίιιᾶΜα,Ο
1061 4229 1144 4345 tdria
1180 4231 1301 4346 ϋειὲᾶ
1335 4233 1413 4283 als
1446 4232 1746 4298 gebiirende
1781 4231 2109 4290 Naturkraft,
2146 4230 2269 4280 bald
2304 4233 2381 4281 als
2417 4234 2534 4281 eine
2570 4232 2662 4282 der
2697 4233 2950 4298 Zeugnng
2989 4232 3273 4283 feindliche
3309 4232 3417 4282 und
3450 4232 3782 4282 zerstiirende
3818 4233 3996 4283 Macht
4029 4251 4120 4299 ge-

601 4312 661 4345 ac
754 4311 865 4344 wur
901 4310 946 4345 e.
1108 4334 1119 4345 .
1156 4314 1205 4361 p.
1276 4334 1289 4346 .

762 4395 813 4458 2)
851 4392 992 4444 GAE.
1013 4395 1356 4458 Schoemann‚
1389 4415 1467 4463 gr.
1483 4399 1705 4450 Alterth.
1724 4399 1794 4447 ΙΙ.
1829 4416 1879 4464 p.
1914 4400 2035 4448 476:
2072 4399 2135 4448 In
2148 4400 2489 4464 Verbinduug
2525 4401 2618 4450 mit
2652 4400 2743 4450 der
2780 4399 3154 4450 Theseusfabel
3189 4398 3373 4448 stehen
3409 4399 3544 4449 auch
3577 4399 3662 4448 die
3696 4398 4120 4465 Leichenspiele,

566 4460 763 4510 welche
799 4462 867 4507 im
902 4462 1241 4514 Kerameikos
1278 4465 1395 4514 dem
1428 4466 1733 4530 Androgeos
1769 4465 1892 4515 oder
1928 4465 2218 4531 Eurygyae,
2254 4466 2373 4517 dem
2419 4468 2475 4516 in
2518 4467 2692 4516 Athen
2750 4467 3124 4531 erschlagenen
3162 4464 3304 4514 Sohn
3340 4465 3430 4516 des
3467 4465 3764 4516 kretischen
3801 4465 3989 4525 Minos,
4025 4482 4113 4530 ge·

563 4528 714 4578 feiert
748 4525 976 4578 wurden.
1048 4530 1213 4579 Unter
1264 4531 1459 4583 diesem
1508 4534 1575 4582 ist
1630 4532 1763 4580 wohl
1812 4532 1903 4582 der
1952 4531 2076 4581 Gott
2119 4536 2264 4583 einer
2309 4535 2446 4583 einst
2491 4535 2544 4581 in
2581 4533 2763 4582 Attika
2795 4533 3277 4598 eingedrungenen,
3314 4532 3544 4582 nachher
3580 4531 3707 4581 aber
3744 4532 4114 4583 vertriebenen

564 4594 689 4644 oder
724 4592 1007 4659 vertilgten
1040 4597 1338 4646 kretischen
1370 4598 1697 4664 Ansiedlung
1730 4615 1795 4647 zu
1829 4599 2113 4649 erkennen.
2151 4599 2455 4664 Androgeos
2490 4600 2693 4649 scheint
2726 4602 2813 4650 ein
2849 4600 2974 4650 Gott
3009 4600 3133 4649 oder
3169 4598 3339 4649 Heros
3375 4600 3464 4648 des
3512 4598 3850 4648 Aekerbaues
3886 4615 3950 4648 zu
3985 4601 4122 4656 sein,

564 4661 879 4790 vor7gl)essen
912 4660 1228 4727 Verehriuig
1262 4665 1356 4712 auf
1384 4666 1547 4715 Kreta
1579 4666 1690 4715 sich
1728 4667 2039 4729 wenigstens
2076 4669 2194 4716 eine
2228 4667 2546 4730 Andeutung
2580 4666 2819 4717 erhalten
2856 4667 2959 4717 hat.
3031 4667 3191 4732 (Plut.
3213 4665 3369 4715 Thes.
3406 4681 3449 4714 c.
3495 4666 3571 4714 16.
3607 4664 3811 4724 Hoeck‚
3851 4666 4016 4715 Kreta
4050 4665 4125 4714 11.

570 4746 603 4794 p
764 4793 814 4857 3)
853 4792 1063 4857 Dactyli
1115 4798 1226 4846 sive
1261 4796 1426 4861 Digiti
1485 4799 1625 4849 Idaei
1684 4813 1799 4847 cum
1836 4797 2016 4846 Rheae
2064 4797 2326 4850 Cretensis
2387 4805 2502 4848 tum
2545 4797 2775 4862 Cybeles
2812 4800 3009 4850 Idaeae
3045 4791 3543 4863 Dindymenesqu‘e,
3596 4813 3816 4863 quarum
3851 4804 4131 4861 utramque

570 4875 811 4926 magnam
845 4860 999 4909 deum
1034 4868 1251 4913 matrem
1288 4864 1681 4929 appellaverim,
1719 4865 1934 4913 comites
1986 4863 2141 4915 fuisse
2177 4865 2417 4915 feruntur
2459 4865 2610 4930 (Max
2652 4866 2941 4927 Duncker,
2994 4865 3181 4916 Gesch.
3219 4866 3309 4915 des
3345 4864 3570 4916 Alterth.
3607 4866 3648 4913 Ι.
3684 4882 3735 4930 p.
3771 4865 3907 4928 305).
3999 4864 4131 4912 Suc-

572 4941 799 4977 cessores
834 4942 962 4977 vero
998 4944 1175 4978 eorum
1214 4929 1537 4993 Corybantes
1573 4939 1626 4982 et
1665 4931 1883 4981 Curetes
1919 4932 2185 4996 utriusque
2226 4931 2358 4982 deae
2391 4933 2524 4983 faeti
2563 4948 2683 4983 csse
2734 4934 2984 4984 videntur
3036 4931 3369 4983 sacerdotes:
3407 4932 3631 4996 Cybeles
3669 4933 3923 4997 imprimis
3962 4930 4128 4993 Cory-

570 4993 769 5054 bantes,
805 4995 959 5044 etiam
997 4994 1211 5045 Curetes
1246 4998 1524 5062 appellati3
1564 4999 1744 5048 Rheae
1784 4997 2028 5058 Curetes,
2086 5001 2175 5063 qui
2233 4999 2422 5064 priscis
2471 5000 2806 5063 temporibus
2863 5001 3150 5049 daemones
3188 4997 3475 5049 Cretenses
3531 5000 3688 5051 fuisse
3745 4998 4134 5064 perhibentur-3

572 5061 896 5175 qididulirique
931 5064 986 5111 in
1038 5064 1200 5112 sacris
1243 5071 1393 5114 acuta
1427 5080 1553 5115 aera
1584 5067 1911 5129 geminantes
1948 5065 2293 5130 cymbalaque
2360 5080 2521 5117 aerea
2558 5066 2836 5131 pulsantes
2889 5067 3091 5116 animos
3153 5066 3328 5117 furore
3382 5066 3600 5131 quodam
3660 5069 3845 5117 insano
3907 5064 4131 5129 implere

570 5142 596 5174 s
693 5141 722 5175 e
759 5133 864 5176 ant.

3801 5232 3834 5279 4
