4675 5859
2319 407 2362 468 2

534 601 814 667 tionibus
856 600 1040 666 unius
1080 598 1276 684 patris
1317 620 1507 666 unam
1547 600 1823 689 lingum
1863 602 2053 667 fnisse
2091 601 2423 668 verisimile
2464 609 2575 681 est,
2647 627 2821 690 quae,
2895 611 3222 692 postquam
3293 602 3524 688 posteri
3579 602 3709 667 eins
3749 603 3817 668 in
3859 604 4133 672 diversas

533 706 846 766 terrarum
889 719 1098 785 partes
1168 700 1594 780 discesserunt,
1666 725 1705 767 a
1745 702 2181 768 consuetudine
2220 705 2417 786 patris
2457 704 2659 770 verbis
2713 708 2954 771 novatis
3009 706 3272 778 recessit,
3338 703 3486 768 fieta
3525 708 3588 769 et
3628 703 3895 768 formata
3934 707 4133 790 poefis

536 806 607 867 et
644 800 1029 886 philosophis
1071 800 1281 866 aliena
1320 805 1384 865 et
1423 803 1731 868 contraria
1769 822 1899 867 esse
1938 801 2320 869 videbantur.
2411 804 2608 870 Causa
2651 827 2811 889 quae
2851 806 2934 871 sit
2973 805 3226 879 videtin
3282 825 3443 869 nunc
3482 804 3634 887 quid
3676 803 3988 890 agendum
4029 807 4131 882 sit,

541 901 1026 967 consideremus.
1113 900 1390 966 Primum
1433 902 1511 966 de
1551 923 1776 989 genere
1817 908 1882 966 et
1922 902 2092 967 cultu
2154 902 2540 971 Uranionum
2580 905 2678 971 vel
2720 906 3036 983 Titanum,
3109 905 3330 970 deinde
3373 904 3451 970 de
3492 902 3793 981 Cronidis,
3865 910 4001 970 tum
4062 907 4132 971 in

539 1003 762 1087 quibus
804 1000 1159 1065 numinibus
1203 1003 1615 1068 numerandus
1659 1004 1740 1067 sit
1779 1002 2032 1088 Jupiter
2077 1003 2353 1070 Creticus
2396 1005 2552 1071 mihi
2595 1006 2837 1072 videtur
2877 1027 3006 1071 esse
3049 1004 3480 1089 quaerendum.

2300 1288 2385 1355 ΙΙ.

751 1466 1055 1533 Homerus
1101 1467 1367 1551 quidem,
1410 1466 1871 1535 honestissimus
1910 1470 2015 1535 ille
2054 1493 2276 1557 praeco
2317 1474 2553 1558 priscae
2596 1473 2966 1539 Graecorum
3008 1470 3325 1556 religionis
3365 1467 3533 1536 haud
3575 1468 3832 1545 fucatae,
3895 1491 4126 1535 memo—

545 1572 675 1635 riae
721 1567 999 1653 prodidit
1039 1574 1181 1632 ante
1225 1566 1368 1630 deos
1410 1564 1661 1652 Olympi
1703 1569 1826 1632 alia
1865 1570 2053 1636 fuisse
2093 1574 2367 1651 numina,
2429 1573 2534 1659 qui
2579 1572 2920 1639 Uraniones
2961 1572 3058 1636 vel
3097 1565 3349 1634 Titanes
3391 1567 3653 1646 Oceano,
3718 1570 3989 1634 omnium
4029 1592 4127 1635 re-

542 1693 683 1736 rum
722 1674 917 1754 patre,
962 1670 1210 1752 eiusque
1252 1667 1511 1752 coniuge
1552 1665 1792 1753 Tethye
1833 1671 1966 1735 nati
2008 1671 2383 1748 dicerentur3
2459 1675 2567 1757 qui
2638 1672 2942 1758 quomodo
3012 1670 3162 1736 culti
3235 1674 3434 1734 essent
3515 1665 3856 1734 Homerum
3894 1669 4124 1755 fugisse

544 1771 805 1837 videtur.
894 1767 1014 1836 Sed
1058 1766 1379 1844 Hesiodus,
1445 1767 1550 1850 qui
1593 1774 1839 1836 centum
1876 1777 2019 1855 post
2059 1773 2234 1838 annis
2277 1773 2451 1849 vixit,
2505 1767 2757 1838 Titanes
2801 1773 3013 1838 Urano
3055 1775 3119 1835 et
3160 1769 3345 1846 Gaea,
3410 1769 3516 1854 qui
3559 1792 3632 1834 ex
3682 1769 3850 1835 Chao
3892 1769 4119 1833 evasis-

528 1875 694 1947 sent,
743 1875 909 1934 ortos
951 1887 1080 1933 esse
1122 1867 1371 1941 cecinit;
1416 1887 1677 1949 quorum
1720 1874 1870 1936 natu
1911 1872 2200 1937 minimus
2244 1873 2545 1939 Saturnus
2590 1875 2688 1938 vel
2733 1868 3035 1959 Κρόνος,
3065 1870 3173 1954 qui
3216 1869 3452 1935 Rhea-m
3471 1867 3761 1934 Titanida
3800 1871 3868 1936 in
3907 1869 4122 1932 matri-

548 1971 828 2035 monium
873 1968 1160 2041 duxisset,
1231 1973 1410 2052 pater
1450 1965 1667 2033 fuisset
1709 1967 2129 2048 Cronidarum,
2201 1993 2462 2055 quorum
2503 1977 2654 2039 natu
2709 1974 2997 2039 minimus
3037 1970 3285 2056 Jupiter
3325 1971 3392 2034 iu
3435 1968 3618 2035 Creta
3684 1969 3886 2034 insula
3941 1971 4122 2033 natus

543 2091 673 2135 esse
713 2070 926 2134 fertur.
1012 2065 1179 2133 Coeli
1222 2073 1285 2132 et
1325 2073 1524 2132 terrae
1565 2069 1895 2156 imperium
1934 2072 2203 2137 tenuisse
2245 2072 2530 2158 deinceps
2575 2073 2873 2148 Uranum,
2931 2071 3286 2147 Saturnum,
3353 2069 3396 2136 J
3398 2092 3594 2137 ovem.
3679 2065 3958 2153 Uterque
4000 2068 4123 2152 igi-

522 2174 647 2236 ·tur
691 2174 876 2255 poeta
914 2167 1165 2234 Titanes
1208 2169 1458 2233 deorum
1501 2168 1926 2255 Olympiorum
1968 2171 2065 2236 vel
2107 2170 2514 2238 Oronidarum
2555 2180 2843 2259 parentes
2882 2174 3069 2238 fuisse
3110 2172 3432 2247 consentit,
3498 2191 3850 2254 quanquam
3896 2167 4125 2233 Home-

544 2293 646 2336 rus
698 2276 886 2355 poeta
927 2271 1135 2355 epicus
1174 2291 1273 2334 res
1312 2269 1616 2354 perfectas
1659 2278 1720 2332 et
1759 2270 2067 2336 absolutas
2128 2271 2419 2339 diuturna
2458 2276 2884 2360 progressione
2926 2273 3097 2338 haud
3138 2271 3406 2337 indicata
3448 2271 3676 2346 retulit,
3720 2291 3859 2334 cum
3906 2267 4123 2333 Hesio-

542 2373 662 2437 dus
706 2376 889 2456 poeta
929 2373 994 2434 et
1033 2369 1443 2455 philosophus
1488 2369 1878 2435 successionis
1920 2370 2199 2439 ordinem
2249 2379 2530 2439 accurate
2569 2375 2876 2440 indixerit.
2966 2374 3054 2439 Ut
3093 2374 3260 2438 enim
3302 2372 3551 2438 Uranus
3592 2371 3719 2435 sive
3757 2368 3977 2434 Coelus
4019 2390 4127 2432 cu-

540 2473 689 2558 pide
733 2470 957 2536 liberos
998 2492 1139 2535 suos
1181 2471 1247 2534 in
1292 2469 1553 2533 mediam
1597 2467 1905 2534 Tellurem
1946 2477 2217 2539 retrusos
2257 2475 2326 2540 in
2366 2477 2639 2541 tenebris
2680 2477 2941 2552 abdidit,
3015 2475 3212 2540 donec
3254 2496 3292 2537 a
3335 2472 3601 2539 Saturno
3645 2470 3774 2536 filio
3813 2473 3966 2535 natu
4007 2469 4128 2534 mi·

540 2574 709 2638 nimo
753 2592 946 2657 regno
991 2570 1239 2635 orbatus
1282 2576 1393 2646 est,
1462 2571 1553 2634 ita
1595 2561 1911 2648 Saturnus,
1984 2595 2136 2658 quos
2198 2574 2423 2639 liberos
2464 2569 2639 2642 Rhea
2692 2578 2971 2663 paritura
3013 2578 3162 2654 erat,
3229 2573 3546 2640 devoravit
3583 2573 3917 2648 nascentes,
3982 2570 4130 2635 dum

540 2673 793 2758 'Jupiter
833 2674 900 2737 in
944 2670 1126 2736 Creta
1167 2675 1349 2736 natus
1391 2692 1530 2734 eum
1574 2671 1795 2758 coegit,
1841 2677 1913 2737 ut
1956 2672 2165 2751 Vesta,
2212 2674 2447 2752 Cerere,
2492 2674 2534 2743 J
2537 2700 2737 2744 unone
2783 2675 3087 2743 sororibus
3128 2678 3192 2739 et
3237 2671 3516 2750 Plutone,
3583 2669 3876 2757 Neptuno
3917 2671 4128 2736 fratri-

539 2774 653 2838 bus
695 2772 977 2837 evomitis
1018 2770 1140 2835 sibi
1182 2771 1512 2855 imperium
1553 2772 1843 2838 traderet.
1860 2777 1909 2853 ι)

740 2872 882 2938 Viri
922 2893 1069 2937 sane
1112 2872 1463 2957 linguarum
1504 2872 1859 2957 peritissimi
1902 2873 2318 2939 demonstrare
2361 2875 2608 2941 student
2628 2874 2672 2941 J
2674 2897 2850 2941 ovem
2870 2897 2944 2941 ex
2973 2896 3120 2939 voce
3159 2872 3361 2959 Djaus
3405 2873 3607 2934 ortum
3650 2890 3812 2943 esse3
3855 2872 4128 2932 attamen

546 2967 744 3046 Ζεῦς,
791 2972 1042 3040 Saturni
1084 2970 1320 3036 Titanis
1362 2971 1538 3049 filius,
1586 2973 1801 3055 priscis
1843 2974 2217 3058 temporibus
2259 2998 2383 3040 non
2427 2976 2622 3041 solum
2664 2976 2857 3061 Djaus
2897 2975 2996 3041 vel
3036 2973 3229 3049 Daus,
3271 2969 3379 3035 sed
3419 2969 3607 3034 etism
3646 2967 3786 3034 Dan
3829 2968 3926 3033 vel
3969 2958 4124 3029 Ζὰν

544 3103 630 3130 =
674 3076 836 3161 Djan
880 3071 1323 3158 appellabatur,
1369 3074 1541 3138 cuius
1583 3074 1777 3146 uxori,
1824 3071 1971 3137 deae
2012 3073 2163 3137 coeli
2204 3078 2266 3139 et
2310 3074 2625 3154 Dodonae,
2687 3074 2846 3140 sedis
2887 3072 3331 3149 sanctissimae,
3379 3067 3576 3134 Dione
3617 3070 3745 3133 sive
3780 3068 3972 3154 Djone
4012 3089 4125 3134 no-

542 3187 684 3243 men
727 3180 878 3240 erat.
963 3173 1006 3238 J
1008 3173 1136 3236 ovis
1179 3171 1368 3236 frater
1411 3170 1736 3259 Neptunus
1778 3172 1876 3238 vel
1917 3171 2216 3240 Poseidon
2261 3198 2298 3239 a
2338 3175 2626 3254 Doribus,
2690 3177 2797 3261 qui
2862 3172 3302 3258 antiquissimis
3370 3168 3749 3254 temporibus
3792 3168 4129 3254 Olympum

555 3276 879 3342 aceoluisse
920 3277 984 3337 et
1023 3272 1091 3335 in
1139 3271 1383 3337 Cretam
1427 3274 1678 3339 colonos
1721 3273 2040 3337 deduxisse
2080 3269 2376 3354 feruntur,
2439 3273 2813 3342 Poteidan
2828 3278 2886 3362 2)
2953 3273 3247 3338 dominus
3313 3269 3619 3336 undarum
3679 3267 4003 3335 fluentium
4066 3271 4129 3332 et

542 3378 691 3443 deus
732 3373 988 3459 frugifer
1031 3375 1100 3435 ut
1142 3370 1323 3435 Pluto
1365 3372 1459 3436 vel
1504 3372 1711 3438 Hades
1753 3375 2178 3462 antiquissima
2216 3374 2416 3441 forma
2490 3363 2858 3446 Ᾰῖδωνεῦς
2932 3373 3214 3439 dominus
3255 3371 3591 3436 inferorum
3630 3369 4029 3435 invocabatur
4065 3371 4128 3431 et

546 3476 936 3541 adorabatur.
1027 3471 1165 3537 Dan
1211 3469 1502 3537 Titanum
1563 3477 1849 3561 princeps
1910 3476 2077 3542 idem
2137 3475 2444 3563 significat
2484 3482 2669 3563 atque
2712 3477 3154 3542 Germanorum
3193 3467 3474 3535 Wuotan
3526 3472 3654 3535 sive
3698 3469 3903 3536 Odhin
3944 3472 4126 3535 natu·

547 3595 654 3642 rae
697 3575 944 3660 spiritus
988 3577 1053 3637 et
1096 3573 1377 3636 dominus
1419 3595 1629 3640 omnes
1672 3597 1768 3641 res
1809 3577 2166 3663 pervadens,
2209 3577 2315 3661 qui
2358 3579 2804 3663 comparandus
2846 3582 2944 3644 est
2980 3597 3119 3641 cum
3161 3573 3557 3638 Etruseorum
3593 3569 3756 3637 Jove
3800 3570 3989 3637 Tina
4028 3570 4128 3635 vel

535 3669 732 3741 Tinia
775 3680 838 3739 et
882 3674 970 3739 Di
988 3697 1028 3737 n
1047 3696 1083 3736 a
1128 3672 1575 3754 SauscriticO,3)
1639 3696 1797 3759 quae
1837 3676 2091 3741 numina
2149 3677 2359 3741 lumen
2414 3676 2690 3743 divinum
2731 3683 2795 3742 et
2834 3677 2956 3743 diei
2996 3675 3383 3761 splendorem
3426 3678 3647 3739 sonant
3688 3678 3752 3738 et
3795 3670 4126 3737 declarant.

543 3775 945 3859 Dionysos,
1013 3772 1176 3857 quod
1242 3772 1340 3836 dei
1404 3795 1625 3839 nomen
1666 3778 2069 3862 compositum
2110 3780 2202 3840 est
2241 3796 2317 3839 ex
2380 3775 2592 3860 Djan
2654 3782 2718 3842 et
2758 3778 2922 3862 Hy,
3008 3775 3183 3842 Jovis
3224 3771 3385 3838 filius
3427 3778 3489 3836 et
3527 3772 3755 3838 Diones
3798 3772 3895 3836 vel
3938 3768 4126 3854 Hyes,

545 3875 693 3940 deus
737 3879 996 3940 naturae
1038 3874 1158 3938 fuit
1198 3873 1423 3958 pluviis
1467 3875 1547 3939 ad
1586 3877 1950 3960 pariendum
1990 3880 2251 3950 coactae,
2294 3880 2366 3940 ut
2406 3878 2465 3939 A
2481 3875 2522 3939 d
2539 3900 2576 3943 o
2592 3902 2633 3943 n
2678 3877 2964 3943 Gebalius
3007 3881 3226 3941 natura
3265 3873 3487 3939 florens
3527 3875 3676 3949 erat,
3744 3892 3901 3955 quae
3943 3870 4129 3934 aesti-

542 3978 656 4042 bus
701 3974 949 4039 aestatis
991 3979 1054 4038 et
1094 3974 1312 4039 hiemis
1353 3973 1685 4059 frigoribus
1729 3978 1955 4052 interit,
1999 3989 2072 4041 ut
2113 3998 2255 4042 vere
2301 3974 2383 4040 ad
2425 3977 2616 4042 vitam
2659 3977 2886 4042 redeat.
2975 3976 3061 4041 Et
3101 3978 3278 4062 virgo
3320 3974 3380 4041 D
3397 3975 3526 4039 ido
3544 3996 3585 4037 n
3626 3978 3719 4036 est
3759 3971 3957 4037 Dione
4004 3971 4132 4035 sive

538 4075 710 4143 Juno
752 4073 921 4153 coeli,
986 4094 1145 4157 quse
1187 4095 1262 4137 ex
1305 4073 1637 4138 immortali
1680 4076 1794 4139 dea
1837 4077 2050 4163 regina
2092 4076 2367 4140 mortalis
2411 4077 2574 4141 facta
2614 4075 2843 4140 incolas
2884 4081 3083 4139 terrae
3153 4076 3461 4161 sapienter
3522 4072 3818 4137 institutis
3862 4071 4130 4138 reddidit

538 4178 786 4251 beatos3
858 4196 979 4258 qua
1021 4174 1270 4238 fortuna
1310 4172 1495 4238 simili
1537 4174 1722 4240 modo
1764 4196 1907 4241 usus
1949 4180 2041 4240 est
2087 4173 2346 4241 Danao
2366 4198 2395 4244 ι
2413 4223 2430 4253 ,
2495 4175 2637 4242 Dan
2680 4175 2828 4239 deus
2870 4175 3229 4252 tonitruum,
3316 4173 3486 4238 cuius
3527 4171 3706 4249 filiae,
3749 4194 3909 4257 quae
3953 4176 4129 4237 erant

544 4277 755 4353 nubes,
798 4274 959 4339 vasis
1002 4273 1326 4358 perforatis
1368 4291 1590 4355 aquam
1632 4272 1924 4342 hauriunt
1964 4282 2027 4339 et
2066 4280 2339 4360 portant,
2391 4277 2487 4341 vel
2530 4276 2687 4341 Tan
2704 4280 2734 4339 t
2749 4274 2902 4340 alos
2917 4324 2933 4353 ,
2980 4273 3122 4340 Dan
3163 4275 3290 4340 sive
3318 4271 3510 4339 Titan
3557 4295 3758 4360 aeger,
3803 4276 4125 4356 cruciatus,

749 4529 770 4575 l
861 4524 1025 4577 Vetus
1062 4525 1338 4577 Graeciam
1375 4525 1609 4590 opplevit
1644 4527 1836 4590 opini0,
1872 4531 2141 4577 exsectum
2177 4526 2400 4577 Coelum
2439 4542 2472 4577 a
2506 4527 2617 4578 filio
2653 4526 2894 4588 Saturno,
2937 4528 3170 4579 vinctum
3206 4533 3382 4579 autem
3417 4527 3702 4578 Summum
3739 4527 3912 4591 ipsum
3944 4540 3978 4575 a
4013 4521 4122 4572 filio

545 4593 705 4644 Jove.
819 4593 1003 4657 hysiea
1057 4595 1194 4644 ratio
1252 4608 1360 4642 non
1413 4592 1690 4657 inelegans
1726 4591 1930 4644 inclusa
1964 4597 2045 4643 est
2076 4594 2133 4642 in
2168 4593 2358 4658 impias
2393 4593 2613 4648 fabulas.
2685 4594 2903 4645 Coolum
2939 4597 3083 4647 enim
3113 4595 3231 4645 sive
3265 4595 3568 4655 coelestem,
3604 4594 3910 4644 altissimam
3944 4590 4123 4639 aethe-

540 4675 793 4726 reamque
825 4666 1082 4719 naturam,
1119 4661 1168 4710 id
1204 4666 1286 4710 est
1318 4660 1548 4726 igneam,
1584 4673 1679 4723 per
1713 4674 1771 4709 se
1805 4660 1982 4710 omnia
2013 4660 2233 4725 gig-nere
2267 4660 2564 4712 voluerunt.
2633 4660 2914 4712 Saturnum
2949 4667 3124 4713 autem
3158 4677 3276 4712 eum
3313 4677 3428 4713 esse
3461 4662 3761 4723 voluerunt,
3796 4660 3884 4725 qui
3918 4671 4126 4708 cursum

536 4734 595 4781 et
628 4728 1021 4778 conversionem
1056 4728 1343 4794 spatiorum
1379 4741 1440 4775 ac
1470 4731 1762 4790 temporum
1798 4727 2104 4789 contineret,
2156 4728 2247 4792 qui
2280 4728 2408 4782 deus
2446 4727 2648 4779 Graece
2694 4728 2747 4777 id
2800 4731 2967 4794 ipsum
3019 4744 3213 4779 nomen
3247 4729 3435 4780 habet:
3473 4729 3687 4799 Κρόνος
3721 4727 3860 4778 enim
3917 4723 4123 4784 dieitur,

550 4796 643 4860 qui
676 4801 759 4845 est
791 4795 927 4846 idem
955 4795 1174 4866 χρόνος,
1210 4793 1265 4842 id
1300 4799 1382 4842 est
1415 4794 1638 4857 spatium
1673 4795 1939 4858 temporis.
2008 4793 2263 4845 Saturnus
2299 4800 2474 4846 autem
2512 4801 2591 4847 est
2625 4796 2937 4861 appellatus,
2975 4796 3115 4862 quod
3147 4801 3472 4848 saturareuu
3508 4797 3677 4845 annis.
3745 4792 3847 4842 Sed
3883 4792 3996 4856 ipse
4029 4789 4126 4839 Ju-

546 4864 685 4928 piter
722 4867 804 4913 est
836 4863 1021 4912 iuvans
1057 4867 1222 4927 pater.
1260 4859 1389 4926 (Cic.
1424 4860 1491 4907 do
1524 4875 1577 4907 n·
1613 4858 1665 4912 d.
1703 4859 1773 4909 11.
1809 4860 2047 4926 24-25.)
2084 4862 2225 4922 Quas
2260 4864 2555 4913 notationes
2587 4863 2912 4928 spernendas
2948 4878 3063 4913 esse
3096 4863 3236 4913 infra
3266 4863 3575 4914 videbimus,

743 4946 795 5010 2)
864 4945 1157 5009 Neptunus,
1192 4943 1545 4992 Romanorum
1581 4940 1721 4990 idem
1756 4942 1902 5002 deus,
1937 4959 2044 4993 non
2080 4960 2113 4994 a
2144 4944 2321 4994 nando
2357 4945 2664 5009 productum
2701 4952 2781 4995 est
2815 4962 3005 4996 nomen
3043 4946 3172 5011 (Cic.
3208 4946 3274 4996 de
3311 4963 3363 4995 n.
3400 4946 3449 4994 d.
3485 4944 3557 4993 IL
3593 4943 3695 5008 213),
3741 4940 3833 4990 sed
3868 4956 3902 4990 a
3936 4939 4127 4990 radici-

542 5012 640 5063 bus
676 5011 939 5062 Nav-Dnn
972 5014 1087 5061 sive
1121 5009 1392 5068 Ner-Tan,
1428 5013 1485 5057 ut
1518 5008 1793 5073 Neptunus
1827 5013 1895 5059 sit
1929 5010 2170 5062 dominus
2205 5025 2373 5076 aquae
2408 5012 2632 5063 fluentis.

741 5098 793 5164 3)
865 5095 971 5145 Cfr.
1007 5093 1251 5145 Theodor
1286 5093 1595 5156 Mommsen,
1630 5095 1910 5145 Rumische
1948 5092 2280 5157 Ges-obicum,
2314 5102 2440 5144 tom.
2478 5095 2521 5148 1.
2557 5112 2607 5160 p.
2644 5094 2759 5146 121.
