4675 5859
2319 409 2366 477 ’8

558 621 745 689 morti
783 617 1237 700 terroribusque
1279 611 1520 679 Tartari
1562 610 1849 688 obiectus,
1891 611 2060 676 cuius
2088 631 2241 676 uxor
2264 609 2464 677 Diona
2504 609 2742 676 Titanis
2781 611 2877 674 est
2916 630 3113 694 neque
3155 629 3194 674 a
3236 609 3449 686 Dione,
3481 631 3671 675 uxore
3711 605 3757 688 J
3756 611 3887 677 ovis
3928 610 4142 676 Dodo-

546 725 692 791 naei
760 721 1065 788 abhorret.
3307 711 3316 722 '

699 772 715 804 ³
760 821 992 900 Quibus
1032 817 1212 883 rebus
1253 810 1589 898 perspectis
1630 830 1753 873 non
1791 810 1913 874 ibis
1954 809 2202 883 infitias,
2246 810 2504 874 Titanes
2546 830 2669 875 non
2712 809 2910 873 solum
2953 806 3537 892 Indogermanorum
3580 808 3742 887 deos,
3769 853 3774 856 Δ
3803 807 3912 875 sed
3953 807 4143 873 etiam

564 923 863 990 Semitum
905 920 1108 994 fuisse,
1173 935 1327 998 quae
1369 910 1878 977 conformationes
1919 910 2141 993 speciei
2185 914 2479 996 cuiusque
2520 932 2713 974 novae
2758 915 2822 974 et
2863 909 3141 974 insolitae
3181 909 3361 974 unius
3409 908 3508 974 dei
3547 911 3612 975 in
3654 909 3905 975 deorum
3965 903 4142 974 fami·

560 1026 643 1089 lia
726 1022 1056 1088 honoribus
1134 1038 1175 1080 a
1257 1012 1445 1079 variis
1524 1009 1874 1076 natiom'bus
1956 1008 2239 1073 similiter
2318 1010 2692 1076 colebantur.
2818 1010 2907 1075 At
2960 1003 3248 1095 Κρόνος
3263 1016 3489 1086 tamen,
3534 1032 3655 1094 quo
3679 1008 3972 1102 Titanum
4002 1009 4138 1074 nul-

559 1125 655 1191 lus
692 1119 1107 1211 praestantior
1145 1115 1331 1180 fumo
1371 1111 1583 1188 fertur,
1630 1132 1753 1175 non
1795 1108 1943 1173 deus
1986 1113 2271 1174 aeternus
2312 1111 2626 1176 habendus
2669 1113 2775 1188 est,
2844 1109 2950 1174 sed
2989 1131 3194 1175 rernm
3237 1111 3554 1196 perfector,
3617 1109 3688 1175 id
3728 1112 3892 1194 qnod
3955 1119 4143 1194 κραν

562 1226 741 1292 mdix
780 1218 1068 1309 postulat,
1134 1215 1244 1299 qui
1286 1213 1432 1276 deus
1470 1211 1660 1275 etiam
1702 1214 1992 1285 maturat,
2057 1229 2218 1295 quae
2260 1212 2488 1277 herbae
2533 1217 2597 1275 et
2634 1212 2885 1297 plantae
2925 1231 2991 1274 se
3029 1209 3259 1275 tollunt
3299 1210 3365 1275 in
3405 1208 3658 1276 luminis
3698 1234 3853 1289 oras,
3917 1211 4146 1294 quique

565 1323 962 1391 crescentibus
1004 1317 1224 1382 adimit
1263 1314 1423 1380 fetus
1464 1312 1708 1394 uritque
1751 1312 2030 1380 ferentes.

762 1419 955 1486 Prisci
998 1437 1141 1483 vero
1184 1415 1380 1481 cultus
1423 1412 1737 1488 Titanum,
1780 1414 1855 1478 de
1898 1433 2020 1498 qus
2060 1435 2128 1477 re
2170 1413 2331 1479 infra
2371 1412 2731 1488 admonebo,
2796 1410 2961 1476 haud
3002 1411 3125 1474 scio
3188 1433 3269 1476 an
3331 1412 3660 1496 vestigium
3721 1412 4142 1497 investigetur,

565 1527 670 1608 qui
712 1522 812 1587 dei
853 1519 1293 1587 recentioribus
1333 1514 1715 1597 temporibus
1756 1514 1962 1599 parcis
2005 1513 2360 1579 colebantur
2409 1514 2756 1579 honoribus.
2840 1512 3168 1598 Olympiae
3211 1511 3374 1576 enim
3418 1516 3553 1576 erat
3593 1512 3761 1578 collis
3801 1510 4142 1590 Saturnius,

560 1624 629 1688 in
673 1644 795 1708 quo
836 1622 894 1686 ei
938 1641 1113 1685 saera
1153 1618 1417 1688 fiebant;
1450 1613 1713 1678 Athenis
1756 1615 1822 1678 in
1861 1613 1990 1678 ima
2030 1634 2168 1678 aree
2207 1613 2461 1680 Saturni
2502 1618 2565 1678 et
2606 1613 2813 1679 Rheae
2855 1618 2988 1677 erat
3029 1615 3346 1700 templum,
3388 1615 3452 1680 in
3496 1634 3618 1695 qno
3659 1611 4009 1682 saturnalia
4048 1627 4147 1672 ce-

563 1725 958 1789 lebrabantur
999 1718 1305 1785 solstitiali
1368 1715 1485 1788 die,
1552 1713 1659 1796 qui
1703 1715 1831 1779 dies
1872 1714 2063 1778 festus
2106 1714 2413 1800 Apollinis
2451 1713 2744 1799 thargelii
2788 1713 3018 1778 cultum
3057 1715 3124 1780 in
3165 1717 3525 1780 memoriam
3583 1721 3849 1781 revocat.
3937 1710 4146 1788 Etiam

564 1827 800 1889 statuae
844 1821 1096 1888 Saturni
1140 1824 1282 1883 sunt
1325 1814 1678 1881 recentioris
1735 1815 1968 1890 aetatis,
2014 1837 2273 1899 quarum
2316 1816 2527 1891 altera,
2570 1835 2726 1897 qnae
2767 1821 2859 1879 est
2897 1815 2963 1880 in
3004 1814 3215 1880 Museo
3243 1813 3789 1894 Pio-Clementino,
3831 1815 4015 1901 plena
4057 1822 4150 1883 est

565 1923 885 2007 diguitatis
926 1927 988 1985 et
1033 1920 1382 1990 venustatis,
1428 1921 1490 1979 et
1532 1916 1601 1979 in
1644 1937 1751 1978 ara
1797 1914 2146 1999 Capitolina
2208 1915 2384 1981 fictus
2428 1922 2520 1980 est
2564 1918 2710 1980 deus
2754 1914 3026 1980 Creticus
3081 1916 3148 1980 in
3209 1916 3356 1980 sella
3420 1917 3632 1983 sedens
3672 1923 3734 1982 et
3771 1917 4041 2003 lapidem
4110 1945 4149 1986 a

565 2023 739 2088 Rhea
778 2030 1124 2106 porrectum
1167 2020 1488 2103 accipiens.
3427 2081 3434 2087 ,

759 2120 1000 2187 Nomen
1045 2119 1338 2185 Titanum
1378 2120 1570 2182 etiam
1608 2120 1936 2199 postquam
1978 2116 2240 2200 imperio
2282 2115 2481 2179 orbati
2525 2125 2699 2179 erant
2737 2117 3033 2180 usitatum
3082 2117 3233 2190 erat,
3302 2135 3562 2198 quorum
3622 2116 3814 2196 liberi,
3880 2118 4148 2203 exceptis

560 2223 863 2300 Cronidis,
929 2221 1238 2305 imprimis
1284 2221 1408 2286 Sol
1430 2219 1481 2297 1)
1545 2222 1608 2282 et
1646 2215 2063 2294 Prometheus,
2131 2216 2382 2281 Titanes
2427 2219 2489 2278 et
2553 2212 2614 2278 H
2634 2235 2714 2279 ec
2735 2221 2856 2279 ate
2899 2215 3158 2281 ‘Titanis
3200 2214 3575 2292 dicebantur,
3649 2217 3813 2300 quod
3855 2217 4149 2285 Titanum

555 2345 750 2411 genus
793 2324 857 2386 in
905 2322 1035 2405 ipsa
1081 2320 1262 2386 Creta
1304 2321 1535 2386 cultum
1578 2339 1706 2382 esse
1749 2317 2113 2383 documento
2165 2321 2274 2393 est,
2340 2315 2505 2399 quod
2545 2316 2796 2381 numine
2844 2316 3052 2382 divino
3094 2315 3384 2380 Titanum
3427 2315 3648 2382 amisso
3688 2318 3873 2401 prisci
3913 2320 4147 2386 incolae

566 2425 776 2499 Gnosi,
848 2422 1020 2485 urbis
1065 2420 1390 2492 Cretensis,
1458 2419 1809 2484 obstiterint
1872 2419 2161 2483 mortales
2220 2439 2382 2482 novo
2437 2416 2613 2482 Jovis
2655 2416 2935 2499 imperio,
3001 2420 3073 2480 ut
3107 2415 3403 2480 terribilis
3445 2418 3679 2482 sonitus
3719 2418 3950 2484 concha
3999 2420 4144 2500 Pan,

559 2545 745 2607 quem
788 2522 1002 2585 eadem
1044 2522 1251 2586 nutrix
1297 2520 1516 2584 aluisse
1559 2519 1775 2595 fertur,
1817 2525 2050 2583 terrore
2091 2519 2318 2583 iniecto
2362 2537 2464 2581 eos
2506 2518 2618 2580 sub
2661 2521 3031 2601 potestatem
3071 2516 3280 2580 fratris
3321 2516 3641 2601 redigeret.

2309 2763 2423 2831 111.

766 2939 859 3001 Ac
903 2938 978 3000 de
1021 2938 1225 3021 prima
1268 2936 1517 3018 quidem
1561 2941 1738 3019 parte
1807 2936 1954 3000 satis
1998 2935 2230 3001 dictum
2273 2937 2403 3008 est3
2470 2934 2762 3017 sequitur,
2835 2937 2904 2996 ut
2946 2931 3212 3011 doceam,
3284 2955 3406 3018 qua
3467 2934 3704 2998 ratione
3747 2934 4149 3005 Cronidarum

559 3040 726 3105 cultu
769 3057 926 3122 quac
971 3037 1268 3121 proposui
1310 3036 1654 3104 fulciantur.
1744 3038 1832 3100 At
1874 3037 1938 3100 in
1982 3036 2163 3100 Creta
2204 3034 2411 3099 insula
2454 3031 2719 3117 Jupiter,
2765 3033 3057 3097 Titanum
3100 3033 3401 3119 principis
3443 3033 3623 3112 filius,
3665 3039 3844 3100 natus
3886 3058 4013 3102 esse
4055 3039 4150 3104 di-

562 3139 737 3204 citur.
822 3133 997 3202 Rhea
1039 3138 1200 3201 enim
1243 3136 1520 3219 paritura
1563 3138 1841 3203 Uranum
1883 3141 1945 3200 et
1992 3135 2223 3200 Gaeam
2265 3135 2392 3199 sive
2435 3132 2741 3197 Tellurem
2777 3141 3067 3218 parentes
3111 3144 3342 3198 terrore
3385 3133 3651 3198 cruciata
3712 3135 3898 3216 adiit,
3954 3142 4027 3202 ut
4087 3161 4151 3203 se

563 3236 855 3323 prudenti
896 3236 1148 3302 consilio
1193 3237 1571 3303 adiuvarent.
1655 3237 1698 3302 J
1703 3257 1838 3301 ussa
1881 3258 1944 3300 se
1986 3235 2246 3301 eontulit
2269 3233 2550 3318 Lyctum,
2596 3255 2751 3317 quae
2795 3237 2928 3298 erat
2970 3234 3113 3299 urbs
3157 3233 3460 3299 Cretensis
3499 3256 3540 3297 a
3579 3231 3846 3300 Doribus
3888 3239 4149 3318 condita,

572 3339 678 3403 ubi
718 3337 875 3404 Jove
916 3336 983 3400 in
1026 3341 1206 3401 antro
1248 3338 1496 3401 condito
1542 3336 1770 3402 erudeli
1812 3337 2055 3421 coniugi
2097 3335 2368 3421 lapidem
2407 3336 2472 3399 in
2514 3333 2827 3399 cunabulis
2871 3334 3223 3419 colligatum
3264 3334 3520 3398 tradidit
3564 3333 4056 3416 devorandum.2)

777 3435 1072 3501 Nascenti
1115 3435 1258 3503 Jovi
1302 3435 1555 3520 Ilithyia
1598 3438 1863 3506 adfuisse
1906 3437 2145 3512 dicitur,
2202 3456 2359 3520 quae
2402 3435 2517 3498 dea
2558 3440 2769 3518 partus
2811 3454 2845 3497 e
2886 3433 3165 3499 Minerva
3205 3436 3270 3499 in
3313 3441 3491 3498 antro
3535 3434 3810 3499 Cretensi
3850 3438 3930 3501 ad
3974 3438 4166 3505 Ami-f

565 3560 701 3603 sum
773 3538 893 3603 sito
934 3542 1082 3600 nata
1124 3537 1189 3601 in
1232 3535 1456 3601 Delum
1499 3537 1759 3602 insulam
1803 3544 1865 3602 et
1906 3540 1972 3602 iu
2018 3538 2285 3600 Atticam
2332 3536 2568 3599 venisse
2612 3534 2835 3610 fertur;
2909 3556 3029 3619 quo
3104 3535 3266 3599 facto
3309 3533 3571 3598 Athenis
3612 3537 3810 3600 tribus
3852 3540 4068 3603 statuis
4105 3564 4147 3604 a

567 3637 849 3703 Phaedra
891 3635 1167 3702 Cretensi
1208 3646 1267 3703 et
1308 3636 1750 3721 Erysichthone
1813 3638 1991 3703 Delio
2056 3636 2256 3698 allatis
2319 3635 2751 3700 celebrabatur.
2842 3634 3101 3700 Puerulo
3144 3639 3288 3698 nato
3332 3633 3666 3713 Telchines,
3733 3636 3840 3719 qui
3882 3637 3979 3701 dei
4019 3642 4153 3724 apti

562 3742 744 3802 erant
788 3737 868 3801 ad
910 3733 1056 3800 deos
1099 3737 1494 3820 hominesque
1539 3739 1673 3802 visu
1716 3744 1778 3801 et
1820 3759 1965 3802 voce
2008 3759 2119 3800 sua
2160 3734 2635 3820 permulcendos,
2682 3743 2941 3799 matrem
2970 3739 3138 3798 metu
3169 3733 3450 3797 affectam
3478 3734 3784 3799 adiuvisse
3823 3737 4150 3819 perhiben-

560 3843 681 3912 tur,
738 3855 907 3920 quos,
981 3858 1331 3920 quanquam
1381 3835 1587 3901 Rhodi
1634 3837 1805 3903 sedes
1848 3837 2240 3902 celeberrima
2279 3837 2358 3900 iis
2402 3842 2550 3911 erat,
2616 3836 2681 3899 iu
2726 3834 2907 3900 Creta
2948 3841 3125 3900 natos
3167 3834 3373 3898 fabros
3416 3833 3600 3897 fuisse
3642 3837 3941 3920 sapientia
3983 3841 4152 3905 clan-

567 3936 802 4002 destina
850 3955 1097 4020 esseque
1139 3941 1371 4001 curetes
1414 3935 1757 4020 appellatos
1798 3939 1865 4003 in
1906 3937 2129 4002 fabulis
2171 3940 2280 3999 est.
2369 3934 2530 4000 Miro
2572 3934 2836 4018 quodam
2880 3935 3060 3999 modo
3102 3955 3224 3998 non
3266 3936 3462 4000 solum
3505 3934 3774 4019 Ilithyia,
3818 3937 3919 4000 sed
3964 3940 4150 4003 etiam

563 4035 876 4102 Vulcanus
919 4036 959 4102 J
962 4038 1064 4101 ovi
1108 4042 1253 4101 nato
1302 4058 1421 4100 nou
1468 4036 1689 4110 defuit;
1735 4060 1877 4102 nam
1920 4041 1993 4101 ut
2033 4037 2234 4102 infans
2278 4036 2626 4122 crepundiis
2666 4035 2823 4099 lacte
2868 4035 3230 4098 Amaltheae
3274 4056 3492 4119 caprae
3536 4036 3790 4100 satiatus
3820 4038 4149 4104 oblectare-

558 4143 682 4215 tur,
727 4138 1048 4221 sphaeram
1091 4157 1336 4201 auream
1381 4135 1566 4200 cudit.

767 4355 814 4418 1)
852 4353 942 4403 Sol
978 4354 1143 4406 dictus
1181 4371 1294 4406 esse
1330 4356 1493 4404 fertur
1530 4354 1647 4414 „vel
1685 4354 1809 4419 quia
1859 4352 2045 4403 solus
2080 4367 2146 4403 ex
2182 4354 2422 4404 omnibus
2457 4353 2714 4404 sideribus
2749 4358 2828 4403 est
2860 4358 3052 4414 tantus,
3087 4353 3174 4402 vel
3209 4354 3347 4419 quia,
3383 4368 3498 4402 cum
3536 4359 3616 4402 est
3649 4359 3875 4416 exortus,
3911 4356 4153 4407 obscura-

561 4422 631 4470 tis
666 4421 908 4470 omnibus
943 4419 1133 4471 solus
1166 4427 1416 4487 appan-ew
1454 4420 1583 4486 (Cic.
1618 4420 1685 4471 de
1719 4437 1769 4470 n.
1806 4420 1855 4470 d.
1890 4420 1962 4469 Π.
1998 4420 2111 4485 27)‘;
2162 4420 2255 4472 sed
2290 4420 2380 4471 Sol
2416 4420 2596 4471 eadem
2632 4420 2808 4470 radice
2843 4429 2985 4470 ortus
3020 4435 3134 4470 esse
3167 4420 3374 4470 videtur
3412 4436 3516 4484 qua
3550 4423 3708 4479 σέλας
3743 4420 3943 4485 Graec„
4002 4423 4149 4474 Sauil

569 4486 744 4549 Goth„
797 4486 955 4537 Saule
990 4487 1171 4548 Litth„
1222 4489 1381 4538 Solen
1416 4505 1537 4555 pop.
1572 4493 1857 4553 septemtr.,
1911 4486 2088 4536 Sonne
2125 4486 2316 4550 Germ„
2371 4487 2553 4538 8101110
2588 4486 2729 4537 Slav.
2799 4486 2946 4537 Soles
2979 4487 3132 4536 multi
3203 4486 3517 4547 roferuntur‚
3573 4502 3793 4552 quorum
3845 4504 3979 4540 unus
4012 4490 4153 4541 Jove

566 4559 739 4614 natus,
791 4569 956 4619 nepos
989 4554 1247 4616 Aetheris,
1300 4556 1434 4606 alter
1468 4557 1519 4605 H
1628 4557 1791 4616 rione,
1842 4554 2032 4604 tertius
2067 4551 2323 4616 Vulcano,
2374 4553 2492 4604 Nili·
2519 4556 2630 4604 sive
2668 4554 2820 4603 Jovis
2853 4555 3101 4618 Aegyptii
3138 4504 3444 4618 (fabionski
3479 4553 3668 4604 Panth.
3703 4555 3831 4621 Aeg.
3868 4557 3912 4605 1.
3947 4573 3996 4621 p.
4036 4557 4150 4624 168)

558 4619 696 4682 filio,
731 4622 877 4670 cuius
914 4621 1097 4670 urbem
1132 4622 1381 4687 Aegyptii
1417 4623 1499 4673 On
1588 4624 1643 4671 ni
1679 4621 1833 4683 Solis,
1868 4620 2173 4687 Heliopolin
2211 4621 2402 4672 Graeci
2437 4622 2858 4671 nominaverunt.

763 4702 814 4766 2)
885 4703 1001 4764 Quo
1036 4705 1359 4768 potissimum
1395 4705 1511 4754 1000
1534 4705 1720 4755 Cretae
1742 4705 1951 4784 Jupiter
1986 4709 2139 4754 natus
2174 4705 2256 4766 sit,
2290 4719 2486 4769 magns.
2516 4708 2597 4753 est
2631 4702 2802 4752 adhuc
2836 4702 3105 4753 dissensio.
3174 4701 3279 4751 Alii
3336 4704 3472 4752 enim
3509 4709 3726 4754 narrant
3759 4704 3931 4756 Deum
3965 4708 4022 4755 in
4055 4703 4153 4757 Ida

563 4774 743 4820 monte
775 4774 955 4819 natum
989 4785 1103 4821 esse
1137 4775 1192 4822 et
1224 4773 1279 4820 in
1314 4777 1464 4821 antro
1500 4772 1659 4822 Idaeo
1697 4771 1970 4832 eruditum,
2024 4771 2112 4820 alii
2165 4772 2220 4819 in
2274 4777 2427 4820 antro
2461 4771 2643 4820 Dictes
2694 4771 2885 4819 montis
2919 4769 3142 4820 eundem
3175 4774 3358 4819 natum
3391 4776 3444 4820 et
3478 4785 3511 4819 a
3543 4772 3807 4822 curetibus
3842 4773 4153 4823 custoditum

566 4841 621 4886 et
654 4852 688 4887 a
720 4835 957 4886 Melissei
990 4837 1197 4887 filiabus
1232 4837 1509 4888 educatum
1543 4852 1658 4889 esse
1693 4838 2047 4901 contendunt3
2084 4852 2256 4902 neque
2292 4838 2496 4900 desunt,
2531 4838 2620 4902 qui
2653 4837 2968 4902 perhibeant
2983 4837 3173 4888 ,lovem
3210 4837 3263 4884 in
3297 4842 3476 4887 monte
3510 4838 3721 4904 Aegaeo
3756 4845 3848 4889 aut
3879 4839 4152 4892 inAcbaia

566 4908 750 4952 natum
786 4908 840 4953 et
872 4904 1131 4953 eruditum
1168 4920 1297 4954 esse.
1368 4904 1575 4954 Fabula
1623 4909 1798 4954 autem
1832 4905 2092 4954 Arcadica
2143 4904 2374 4969 prodidit
2406 4905 2598 4955 Jovem
2653 4906 2708 4952 in
2763 4910 2942 4954 monte
2976 4904 3266 4974 Paarhssio
3320 4909 3500 4953 natum
3534 4910 3589 4955 et
3621 4907 3677 4955 in
3710 4905 3921 4970 Lycaeo
3967 4912 4152 4958 monte

567 4970 828 5019 eruditum
863 4985 1003 5034 esse3
1065 4970 1118 5019 id
1153 4988 1279 5021 vero
1314 4971 1505 5022 factum
1542 4987 1656 5021 csse
1690 4973 1746 5020 in
1781 4986 1845 5020 ea
1879 4973 2110 5035 regione,
2147 4973 2231 5020 cui
2266 4988 2457 5022 nomen
2494 4977 2633 5022 esset
2668 4971 2870 5020 Cretea.
2938 4970 3090 5020 Aliae
3125 4985 3251 5019 vero
3287 4971 3497 5024 fabulae
3532 4970 3725 5024 docent
3753 4988 3789 5024 a
3821 4972 3970 5026 Leda
4004 4990 4151 5037 nym-

568 5034 674 5098 pha
705 5036 997 5100 puerulum,
1034 5053 1150 5086 cum
1187 5039 1241 5087 in
1276 5054 1459 5103 campo
1496 5037 1761 5087 umbilicio
1794 5037 2072 5087 umbilicus
2107 5040 2244 5087 iuter
2279 5038 2492 5089 Thenas
2529 5045 2583 5088 et
2617 5038 2852 5088 Gnosum
2887 5036 3179 5096 decidisset,
3216 5037 3450 5087 Gnosum
3484 5045 3744 5102 portatum
3778 5054 3910 5100 oue,
3945 5044 4002 5088 ut
4036 5055 4152 5090 eru-

567 5100 780 5150 diretur.
847 5104 916 5153 At
950 5105 1323 5154 recentioribus
1360 5111 1534 5154 tamen
1570 5104 1889 5170 temporibus
1925 5119 2103 5155 omnes
2140 5107 2249 5155 fere
2286 5106 2634 5170 opinabantur
2668 5104 2860 5152 Jovem
2896 5104 2949 5151 in
2986 5105 3144 5155 Creta
3177 5109 3231 5153 et
3265 5109 3446 5154 natum
3482 5110 3536 5155 et
3569 5105 3827 5155 eruditum
3863 5121 3992 5156 esse.
