4675 5859
2328 394 2410 460 14

562 594 802 660 simum
866 614 1006 658 cum
1069 590 1237 677 apud
1302 594 1652 661 innumeros
1702 595 1964 678 populos
2022 601 2158 661 tum
2223 593 2389 679 apud
2452 591 2764 658 Cretenses
2827 593 3090 670 sustulit,
3160 596 3390 664 Theseo
3446 600 3595 667 duee
3634 625 3795 682 usus,
3838 612 3947 691 qui
3990 632 4131 678 cnm

575 696 879 783 Apolline,
924 693 1038 758 deo
1079 693 1343 759 mitioris
1383 695 1596 771 cultus,
1658 695 1909 778 eiusque
1929 695 2176 760 oraculo
2199 693 2551 759 arctissimis
2574 714 2613 758 a
2651 693 2892 771 teneris,
2938 700 3007 760 ut
3027 696 3244 764 Graeci
3300 700 3526 780 dicunt,
3593 707 3943 790 unguiculis
3983 732 4132 781 eon-

571 798 815 862 iunctus
858 798 993 859 erat
1031 794 1307 860 vinculis.
1395 796 1516 862 Sed
1581 816 1704 861 non
1755 794 2023 874 Theseus
2079 794 2241 860 solus
2302 794 2494 859 cultui
2564 793 2869 878 Apollinis
2931 795 3174 863 favebat
3233 797 3595 880 humaniori,
3654 827 3863 872 verum
3918 808 4136 880 Attica

573 917 815 981 quoque
854 898 991 960 tota
1049 896 1175 960 iam
1216 900 1350 960 tum
1415 896 1687 982 Apollini
1750 895 1863 961 soli
1927 894 2162 961 divinos
2213 895 2568 979 praestabat
2615 894 2891 961 honores.
2977 895 3174 973 Quam
3227 900 3307 965 ob
3363 924 3493 971 rem
3555 903 3688 971 fieri
3741 929 3865 973 non
3904 913 4127 995 potnit,

576 1005 647 1064 ut
690 997 1107 1063 Athenienses
1149 996 1381 1062 diutius
1423 995 1463 1063 ,J
1467 998 1597 1062 ovis
1640 996 1861 1061 Cretici
1903 996 2092 1061 cultui
2132 994 2453 1060 rudissimo
2494 994 2904 1064 adhaererent.

825 1097 979 1163 Cum
1022 1096 1216 1183 igitur
1259 1097 1458 1163 denuo
1501 1098 1756 1162 instaret
1802 1098 2065 1182 tempus,
2130 1116 2251 1179 quo
2312 1095 2489 1180 pueri
2546 1099 2778 1179 septem
2837 1095 3212 1181 totidemque
3272 1101 3509 1183 puellae
3566 1105 3799 1172 tributo
3842 1110 4129 1179 darentur

572 1200 944 1282 Minotauro,
985 1195 1252 1262 Theseus
1292 1204 1531 1282 patrem
1574 1200 1839 1262 oravisse
1883 1196 2121 1273 dicitur,
2164 1201 2233 1260 nt
2274 1198 2339 1261 in
2385 1195 2768 1260 victimarum
2811 1215 3062 1260 numero
3105 1204 3276 1276 esset,
3317 1200 3384 1265 id
3425 1223 3631 1289 agens,
3680 1212 3751 1272 nt
3784 1206 4129 1276 Minotauro

574 1301 897 1364 interemto
966 1296 1174 1363 odioso
1238 1296 1502 1382 patriam
1567 1297 1854 1362 liberaret
1917 1296 2220 1382 vectigali.
2322 1294 2635 1361 Facultate
2699 1317 2737 1359 a
2797 1301 2971 1378 patre
3012 1297 3426 1382 proficiscendi
3470 1302 3615 1368 data
3656 1305 3816 1371 idem
3859 1310 4016 1375 mari
4066 1311 4134 1375 in

572 1399 821 1472 Cretam
867 1397 1174 1462 mississe
1218 1398 1410 1463 fertur
1467 1419 1602 1462 cum
1656 1397 1790 1462 velo
1846 1396 2043 1482 nigro,
2086 1394 2248 1479 quod
2301 1396 2558 1461 victoria
2611 1395 2803 1461 relata
2842 1396 3105 1464 candido
3147 1405 3429 1468 mutaret.
3513 1402 3922 1473 Proficiscitur
3962 1415 4132 1476 sexto

560 1500 669 1568 die
764 1494 986 1561 mensis
1048 1497 1485 1585 Thargelionis,
1545 1497 1652 1580 qui
1717 1503 1809 1562 est
1873 1496 2094 1563 mensis
2159 1496 2376 1562 Maius.
2459 1494 2622 1560 Miro
2696 1494 2960 1577 quodam
3031 1499 3212 1565 modo
3291 1503 3681 1587 Scorpionem
3752 1510 3963 1574 eodem
4026 1509 4127 1575 die

568 1605 635 1665 et
663 1597 1031 1684 Ophiulcum
1073 1599 1139 1663 in
1178 1598 1351 1665 fastis
1393 1598 1685 1663 Romanis
1713 1598 2010 1682 scriptum
2028 1597 2301 1663 videmus
2329 1596 2495 1674 oriri,
2536 1597 2879 1679 vespertino
2919 1601 3211 1682 tempore,
3256 1601 3441 1668 biduo
3481 1610 3624 1670 ante
3667 1628 3947 1674 occasum
3988 1609 4130 1675 Ori-

561 1700 722 1775 onis,
766 1700 873 1783 qui
915 1694 1102 1763 Tauri
1142 1701 1273 1784 ipse
1316 1719 1556 1782 quoque
1595 1697 1753 1763 filius
1794 1699 2027 1779 septem
2067 1696 2339 1764 Pleiades
2389 1701 2454 1761 et
2491 1703 2724 1782 septem
2762 1698 3147 1782 persequitur
3186 1700 3452 1785 Hyades.
3538 1704 3737 1773 Solvit
3764 1729 3841 1772 ex
3902 1709 4131 1788 Attica,

572 1800 858 1888 Apolline
897 1800 1325 1883 praecipiente,
1368 1808 1439 1863 ut
1486 1796 1781 1864 Venerem
1823 1798 2130 1863 invocaret
2169 1802 2530 1882 caperetque
2570 1796 2805 1862 itineris
2846 1799 3099 1875 sociam3
3162 1801 3228 1866 id
3292 1806 3455 1888 quod
3510 1829 3634 1873 non
3676 1807 3907 1873 frustra
3946 1830 4129 1895 prae-

561 1902 737 1989 cepit
779 1901 1022 1986 Apoll0,
1065 1920 1204 1964 cum
1267 1896 1525 1964 Veneris
1587 1920 1827 1965 sacrum
1890 1903 2046 1964 esset
2085 1899 2334 1985 signum
2381 1899 2560 1974 tauri,
2619 1903 2689 1963 ut
2743 1903 3038 1963 annueret
3093 1906 3310 1987 potens
3370 1904 3531 1972 Diva
3571 1906 3825 1991 coeptis,
3873 1930 4013 1974 cum
4053 1910 4120 1975 in

576 2003 758 2067 litore
797 1999 1035 2066 Theseo
1080 1996 1461 2064 sacrificanti
1502 2000 1702 2065 subito
1747 2021 1823 2065 ex
1863 2019 2047 2085 capra
2086 1999 2323 2063 volente
2366 1998 2478 2063 dea
2515 1997 2716 2063 hircus
2755 2000 3052 2068 evaderet.

773 2119 967 2199 Socia
995 2118 1186 2203 igitur
1239 2115 1478 2181 Venere
1514 2115 1779 2181 Theseus
1835 2139 2050 2204 agrum
2106 2118 2304 2182 tenuit
2345 2116 2690 2182 Cretensem
2733 2122 2795 2182 et
2836 2119 3111 2184 Ariadna
3167 2120 3317 2184 duee
3348 2121 3516 2186 brevi
3545 2124 3741 2190 victor
3782 2128 3981 2191 evasit
4005 2149 4124 2212 pa-

571 2220 877 2303 triamque
918 2220 1125 2285 odioso
1168 2217 1450 2282 liberavit
1489 2217 1868 2304 vectigalil).
1956 2218 2392 2304 Religionis
2433 2221 2509 2285 id
2585 2220 2926 2304 profecto
2992 2220 3138 2285 fuit
3197 2222 3604 2289 tributum.
3695 2222 3859 2290 Nam
3899 2228 4130 2296 abolito

562 2319 748 2386 ,Iovis
789 2319 1013 2385 Cretici
1077 2319 1261 2393 cultu,
1335 2315 1617 2394 Theseus,
1684 2322 2007 2403 postquam
2069 2340 2143 2383 ex
2186 2319 2368 2385 Creta
2429 2321 2623 2397 solvit,
2692 2320 2911 2386 Delum
2973 2321 3236 2405 appulit,
3296 2326 3367 2385 ut
3408 2344 3539 2388 rem
3581 2326 3858 2391 divinam
3900 2327 4127 2395 faceret

573 2421 870 2506 Apollini,
929 2427 1000 2486 ut
1055 2418 1278 2484 abhinc
1341 2421 1667 2501 quotannis
1724 2420 1953 2506 legatio
2016 2442 2186 2487 sacra
2252 2421 2473 2487 Delum
2548 2424 2903 2487 mitteretur.
3029 2421 3361 2508 Religionis
3431 2425 3573 2490 dein
3645 2432 3738 2492 est
3802 2428 4126 2507 indicium,

571 2521 737 2603 quod
782 2519 1079 2586 Theseum
1122 2526 1301 2606 patre
1343 2525 1584 2585 mortuo
1627 2521 1915 2604 elatoque
1960 2543 2099 2586 cum
2140 2522 2349 2607 pueris
2388 2522 2725 2607 puellisque
2766 2524 3089 2606 sospitibus
3141 2526 3414 2609 Apollini
3463 2527 3646 2591 mitia
3700 2548 3876 2592 sacra
3915 2530 4126 2595 fecisse

573 2621 915 2707 Pyanepsia
954 2620 1420 2687 Atheniensium
1463 2621 1682 2687 docent
1724 2622 1790 2686 in
1834 2621 2125 2687 honorem
2153 2623 2458 2708 Apollinis
2514 2624 2880 2705 instituta2).
2966 2623 3272 2711 Apollinis
3316 2649 3556 2711 quoque
3596 2627 3883 2704 eiusdem,
3926 2628 4136 2693 mitior

563 2744 710 2788 cum
753 2722 1160 2808 agriculturae
1205 2743 1578 2808 magnopere
1637 2722 1886 2798 faveret,
1939 2722 2110 2788 bovis
2160 2728 2407 2812 signum
2463 2732 2610 2801 erat,
2668 2719 2830 2808 quod
2875 2722 3091 2790 Thesei
3141 2728 3308 2791 iussu
3349 2729 3615 2793 nummis
3660 2727 4133 2794 Atheniensibus

571 2825 844 2888 incusum
889 2822 1253 2908 accepimus.
1341 2821 1721 2887 Testimonio
1791 2827 1924 2888 tum
1988 2828 2079 2889 est
2138 2846 2425 2890 numerus
2487 2826 2599 2889 iste
2660 2846 2988 2909 puerorum
3052 2831 3114 2890 et
3175 2827 3519 2910 puellarum
3575 2828 3969 2911 septenarius,
4022 2829 4128 2912 qui

570 2946 768 2989 mares
809 2927 871 2988 et
910 2922 1175 2987 feminae
1218 2923 1494 2988 confecto
1537 2927 1778 3008 septem
1821 2945 2119 2990 annorum
2161 2927 2386 2992 circulo
2427 2926 2642 2993 choros
2681 2927 3102 3002 imitabantur,
3147 2934 3216 2992 ut
3251 2926 3461 2991 laudes
3504 2927 3547 2993 S
3565 2927 3707 2992 olis
3725 2974 3742 3004 ,
3786 2928 3937 2992 almi
3966 2930 4129 3015 regis

570 3027 742 3104 coeli,
785 3032 847 3091 et
887 3023 938 3089 L
956 3047 994 3090 u
1010 3044 1147 3088 nae
1163 3072 1178 3101 ,
1224 3023 1494 3090 siderum
1535 3024 1788 3111 reginae
1833 3028 2111 3104 bicornis,
2156 3031 2464 3103 canerent,
2507 3032 2577 3091 ut
2620 3027 2830 3094 multis
2872 3029 3014 3109 post
3069 3027 3282 3091 seculis
3330 3026 3549 3092 cecinit
3593 3033 3766 3092 vates
3815 3025 4131 3092 Romanus

568 3129 838 3194 carmine
879 3124 1157 3192 seculari.

2309 3244 2418 3313 VI.

774 3426 1098 3511 Reliquum
1142 3433 1251 3505 est,
1319 3431 1389 3491 ut
1430 3429 1504 3493 de
1544 3427 1587 3493 J
1588 3429 1717 3493 ovis
1784 3426 2007 3493 Cretici
2071 3429 2318 3513 reliquis
2381 3430 2619 3505 fabulis,
2662 3450 2817 3512 quae
2874 3428 3085 3493 eodem
3137 3430 3462 3513 pertinent,
3522 3429 3807 3494 dieamus.
3899 3428 4128 3498 Priscis

563 3531 737 3597 enim
778 3529 1153 3612 temporibus
1193 3528 1441 3613 Jupiter
1486 3527 1758 3593 Creticus
1802 3548 1923 3594 non
1967 3529 2163 3594 solum
2191 3530 2441 3595 Titanes
2466 3531 2876 3616 repugnantes
2916 3529 3282 3614 oppressisse
3321 3528 3532 3606 fertur,
3575 3530 3680 3594 sed
3728 3531 3913 3595 etiam
3937 3532 4131 3617 Apol-

572 3631 759 3696 linem
803 3629 1148 3714 Corybante
1169 3630 1445 3695 Cretensi
1488 3633 1698 3694 natum
1714 3633 1795 3709 3),
1842 3651 1981 3694 cum
2021 3629 2097 3695 de
2138 3628 2318 3696 Creta
2359 3630 2556 3697 insula
2608 3635 2912 3695 certamen
2954 3635 3158 3694 ortum
3220 3635 3390 3706 esset,
3447 3630 3824 3715 superavisse
3864 3631 4125 3697 videtur.

576 3731 740 3797 Nam
784 3733 977 3795 cultus
1020 3731 1147 3796 eius
1210 3731 1422 3796 rudior
1482 3731 1695 3815 priscis
1762 3732 1993 3797 insulae
2055 3732 2271 3797 incolis
2324 3754 2450 3798 non
2512 3731 2711 3796 minus
2770 3753 2955 3813 quam
3011 3732 3223 3797 ceteris
3281 3730 3525 3796 Graecis
3568 3730 3880 3813 Apollinis
3927 3731 4123 3796 cultus

578 3832 800 3906 mitior,
852 3830 1005 3896 Solis
1049 3852 1289 3914 quoque
1329 3831 1512 3905 idem,
1557 3836 1838 3917 acceptus
1881 3836 2027 3902 erat.
2114 3832 2276 3897 Miro
2305 3834 2567 3916 quodam
2609 3834 2788 3898 modo
2845 3834 3029 3897 etiam
3074 3830 3394 3896 Herculem
3440 3831 3933 3915 antiquissimum
3977 3830 4130 3896 Jove

580 3931 1006 4015 antiquissimo
1063 3937 1125 3995 et
1188 3930 1478 4015 Lysithoe
1542 3936 1772 4009 natum,
1843 3935 1947 4017 qui
2015 3955 2206 4017 neque
2264 3933 2508 3998 nomine
2563 3954 2757 4017 neque
2800 3955 2865 3997 re
2908 3932 2985 3996 ab
3029 3931 3379 4016 Hyperione
3422 3932 3807 3997 abhorruisse
3858 3932 4129 4008 videtur,

580 4054 715 4096 cum
781 4032 1069 4116 Apolline
1112 4031 1186 4095 de
1231 4031 1470 4114 tripode
1526 4035 1851 4098 certavisse
1911 4035 2264 4119 accepimus.
2280 4032 2339 4119 4)
2411 4033 2657 4098 Certare
2700 4054 2843 4098 sane
2909 4032 3197 4096 Hercules
3237 4033 3456 4118 potuit,
3513 4032 3813 4113 siquidem
3854 4031 3897 4097 J
3899 4032 4028 4095 ovis
4071 4035 4137 4095 et

777 4202 827 4264 1)
866 4202 1086 4261 Becker,
1125 4200 1316 4265 Weltg.
1354 4201 1395 4249 1.
1431 4219 1481 4267 p.
1521 4202 1647 4251 192:
1683 4201 1929 4252 Welehes
1963 4216 2072 4252 nun
2107 4202 2240 4252 auch
2276 4202 2364 4252 die
2394 4203 2492 4252 Art
2523 4203 2635 4251 sein
2668 4199 2891 4260 mochte,
2925 4200 3021 4249 anf
3047 4200 3247 4250 welche
3267 4200 3499 4249 Theseus
3535 4213 3653 4249 zum
3688 4200 3835 4251 Ziela
3863 4201 4132 4268 gelangte,

576 4268 707 4318 kurz
744 4282 811 4319 es
845 4268 1044 4318 hbrte
1079 4266 1259 4319 aoitd
1280 4282 1373 4318 em
1411 4269 1527 4319 der
1562 4268 1807 4318 Tribut
1841 4268 1984 4329 auf,
2020 4268 2255 4320 Theseus
2290 4268 2481 4319 kehrte
2513 4284 2618 4318 von
2653 4269 2816 4318 Kreta
2850 4265 3004 4317 heim.

774 4353 825 4416 2)
865 4351 1083 4402 Konrad
1118 4350 1425 4413 Schwenck,
1461 4351 1794 4417 Mythologie
1830 4352 1923 4403 der
1964 4351 2242 4412 Griechen,
2279 4369 2329 4417 p.
2368 4355 2486 4403 143:
2522 4351 2602 4401 Im
2637 4352 2821 4401 Monat
2852 4350 3186 4415 Pyanepsion
3221 4350 3290 4398 im
3325 4349 3522 4400 Herbst
3556 4365 3664 4400 war
3700 4350 3790 4401 das
3814 4351 3998 4415 Pyane
4037 4354 4137 4404 sia-

570 4420 692 4480 fest,
729 4419 776 4468 d.
814 4421 865 4469 h.
901 4418 994 4470 das
1030 4419 1156 4469 Fest
1190 4419 1281 4470 des
1316 4418 1776 4469 Bohnenkochens
1810 4421 1867 4469 in
1904 4419 2098 4481 Athen,
2133 4434 2197 4469 zu
2231 4420 2414 4471 Ehren
2447 4418 2716 4485 Apollons.
2784 4418 2910 4468 Man
2954 4421 3074 4481 trug
3106 4417 3366 4482 gekochte
3409 4416 3633 4467 Bohnen
3669 4418 3832 4468 durch
3867 4418 3954 4468 die
4025 4420 4138 4470 tadt

575 4485 685 4536 und
722 4488 841 4538 eine
876 4486 1147 4537 Ciresione
1203 4486 1252 4535 d.
1292 4488 1324 4535 i.
1361 4485 1464 4537 den
1498 4484 1852 4552 Flehezvveig,
1888 4488 2046 4537 einen
2083 4488 2261 4552 Zweig
2294 4503 2402 4537 von
2435 4486 2669 4537 Lorbeer
2704 4485 2829 4537 oder
2866 4483 3136 4544 Oelbaum,
3172 4486 3265 4534 mit
3296 4483 3471 4535 Wolle
3501 4485 3861 4550 umwunden)
3897 4485 3982 4536 die
4016 4501 4137 4537 man

576 4554 674 4603 mit
706 4552 865 4603 Wein
899 4553 1104 4618 begoss.
1230 4554 1279 4604 ie
1315 4552 1453 4618 Sage
1485 4553 1697 4612 lantete,
1753 4568 1809 4603 es
1843 4552 2108 4619 geschehe
2164 4570 2283 4604 zum
2337 4552 2683 4604 Gedachtniss
2718 4569 2786 4603 an
2819 4551 3069 4612 Theseus,
3116 4551 3208 4600 der
3243 4566 3326 4601 am
3361 4551 3632 4603 siebenten
3669 4552 4000 4618 Pyanepsion
4044 4553 4140 4602 mIt

572 4619 681 4671 den
715 4620 967 4670 vierzehn
1004 4621 1115 4671 Jssn
1154 4621 1336 4686 lingon
1370 4620 1479 4670 und
1514 4620 1549 4670 J
1711 4634 1849 4670 auen
1885 4636 1978 4672 aus
2014 4621 2179 4672 Kreta
2211 4619 2635 4688 zurflckgekehrt
2666 4622 2759 4680 sei,
2793 4635 2874 4668 wo
2910 4618 3049 4668 dann
3084 4618 3170 4668 die
3205 4617 3525 4681 Geretteten,
3562 4634 3669 4667 was
3704 4620 3781 4668 sie
3814 4636 3881 4669 an
3910 4619 4135 4668 Htilsen

575 4686 820 4737 frflchten
858 4687 1015 4753 iibrig
1047 4701 1115 4752 ge
1185 4689 1258 4748 bt,
1293 4690 1351 4738 in
1387 4688 1560 4738 einem
1644 4688 1763 4752 opfe
1798 4687 2028 4753 gekocht
2059 4688 2169 4738 und
2193 4687 2675 4755 gemeinschaftlich
2709 4686 2953 4736 verzehrt
2986 4683 3182 4735 hatten.

774 4772 826 4836 3)
864 4771 1047 4821 Cicero
1084 4771 1132 4821 d.
1168 4788 1221 4824 n.
1256 4771 1305 4822 d.
1342 4772 1442 4822 111.
1479 4773 1562 4834 23,
1597 4774 1679 4834 57,
1715 4788 1757 4821 c.
1793 4789 1843 4822 n.
1882 4771 2242 4823 Schoemann:
2279 4771 2593 4836 Corybantis
2637 4769 2774 4820 filius
2819 4767 2949 4818 vird
2980 4768 3171 4834 Apollo
3205 4769 3337 4819 auch
3372 4768 3642 4820 bisweilen
3678 4773 3935 4835 genannt3
3989 4769 4135 4819 seina

572 4836 779 4888 Geburt
812 4840 908 4888 auf
939 4837 1095 4888 Creta
1127 4839 1239 4889 und
1271 4842 1385 4891 sein
1421 4839 1580 4890 Streit
1613 4855 1701 4890 um
1739 4838 1885 4891 diese
1920 4838 2062 4890 Insel
2100 4842 2194 4889 mit
2229 4837 2347 4889 dem
2383 4837 2592 4902 Jupiter
2625 4836 2826 4886 kommt
2857 4852 2956 4885 nur
2993 4835 3105 4884 hier
3139 4851 3249 4885 vor.
3317 4836 3402 4885 Da
3437 4836 3677 4900 Korybas
3712 4834 3818 4884 und
3853 4834 3940 4884 die
3963 4835 4135 4898 Kory-

574 4904 770 4954 banten
824 4906 1193 4970 urspriinglich
1247 4906 1339 4958 der
1402 4907 1755 4974 phrygiae-hen
1824 4906 2153 4972 mythologie
2206 4905 2510 4971 angehtiren
2558 4904 2668 4954 und
2718 4920 2823 4954 von
2873 4903 2989 4953 hier
3041 4916 3132 4952 aus
3183 4904 3269 4953 bei
3316 4903 3417 4953 den
3454 4901 3725 4963 Griechen,
3761 4901 4048 4952 besonders
4081 4902 4137 4951 in

575 4971 970 5022 Samothrazien
1039 4972 1148 5022 und
1182 4973 1350 5025 Krete
1380 4975 1681 5025 Aufnahme
1715 4973 1931 5034 fenden,
1977 4989 2035 5024 so
2069 4973 2332 5023 verdankt
2373 4969 2509 5023 anch
2555 4971 2725 5022 dieser
2768 4971 2954 5021 aweit
2987 4968 3177 5034 Apollo
3210 4974 3355 5021 aeine
3388 4967 3721 5034 Entstehung
3758 4967 3895 5017 ohne
3919 4966 4138 5019 Zweifel

566 5039 721 5089 einer
759 5037 1129 5089 Combination
1166 5040 1512 5107 phrygischer
1549 5040 1658 5091 und
1692 5041 2054 5106 griechischer
2088 5038 2308 5090 Fabeln.
2376 5040 2469 5090 cfr.
2502 5055 2552 5105 p.
2595 5041 2668 5090 13.
2703 5055 2753 5088 n.
2779 5040 2836 5087 -3.

773 5121 826 5187 4)
867 5122 1051 5172 Cicero
1088 5123 1153 5173 de
1188 5139 1238 5173 n.
1275 5124 1323 5172 d.
1361 5123 1460 5173 111.
1498 5123 1578 5184 16,
1613 5125 1697 5176 42.
