4675 5859
1964 1110 2084 1195 ne
2132 1111 2353 1198 Jove
2402 1109 2764 1245 meuse.
2905 1213 2914 1216 π
2991 1207 3002 1214 .

2350 1340 2401 1410 1.

767 1528 965 1596 Credo
1006 1549 1124 1615 ego
1164 1529 1296 1593 fore
1336 1532 1410 1593 ut
1464 1526 1722 1602 mireris,
1787 1526 1937 1610 quid
1979 1526 2078 1603 sit,
2144 1525 2325 1610 quod,
2395 1545 2534 1589 cum
2577 1521 2697 1587 viri
2739 1527 3012 1587 veterum
3053 1521 3252 1586 cultus
3294 1521 3617 1587 numinum
3688 1525 4040 1609 peritissimi
4080 1530 4162 1593 de

565 1632 948 1697 Graecorum
990 1629 1110 1694 diis
1151 1630 1471 1715 opiniones
1515 1649 1656 1693 suas
1696 1627 1949 1691 summis
1989 1626 2256 1712 ingeniis
2299 1630 2363 1690 et
2403 1623 2707 1709 exquisita
2749 1621 3026 1687 doctrina
3066 1622 3195 1685 iam
3233 1621 3490 1686 fecerint
3528 1622 3681 1687 iuris
3720 1624 3969 1708 publici,
4038 1650 4164 1714 ego

567 1731 965 1818 potissimum
1011 1731 1429 1814 quaestionem
1473 1728 1549 1794 de
1590 1726 1747 1795 Jove
1790 1725 2088 1806 Creticol)
2132 1726 2561 1792 difficillimam
2602 1721 2971 1807 susceperim
3012 1721 3418 1797 tractandam,
3482 1743 3640 1806 quae
3678 1723 3956 1808 'quaestio
3998 1750 4162 1796 non--

563 1831 751 1896 nullis
793 1830 1100 1915 explicata
1141 1852 1270 1895 esse
1310 1829 1556 1894 videtur
1596 1826 1695 1892 vel
1735 1825 1900 1892 haud
1943 1827 2154 1914 digna,
2220 1828 2288 1893 in
2354 1848 2481 1911 qua
2545 1821 2907 1908 explicanda
2949 1822 3148 1886 oleum
3216 1826 3279 1885 et
3341 1843 3589 1907 operam
3630 1824 3980 1909 perdamus.
4066 1830 4168 1895 At.

565 1931 803 2007 dubito,
866 1952 1008 1995 cum
1050 1930 1167 1995 diis
1209 1929 1365 1995 nihil
1408 1929 1675 1994 sanctius
1716 1949 2024 2013 operaque
2065 1948 2202 1992 mea
2243 1926 2400 1992 nihil
2442 1927 2523 1991 sit
2564 1922 2828 2011 dignius,
2894 1944 3045 1988 num
3102 1922 3170 1987 in
3213 1945 3284 1988 eo
3328 1924 3426 1998 sit,
3493 1929 3566 1988 ut
3605 1923 3940 1992 industriae
3982 1950 4158 1994 meae

563 2031 817 2098 modum
870 2030 1172 2107 statuatis,
1216 2030 1578 2115 praesertim
1629 2050 1769 2094 cum
1818 2027 1894 2092 de
1957 2026 2114 2094 Jove
2171 2026 2411 2093 Cretico
2460 2027 2623 2092 inter
2670 2045 2797 2101 vos,
2859 2023 2976 2088 viri
3038 2023 3361 2089 numinum
3426 2024 3679 2089 minime
3745 2028 4162 2115 neglegentes,

564 2153 792 2217 magna
833 2129 1032 2195 adhuc
1083 2129 1167 2195 sit
1223 2130 1537 2206 dissensio,
1601 2150 1791 2213 quam
1830 2129 2190 2214 opinionum
2252 2127 2673 2192 diversitatem
2714 2126 2791 2191 de
2831 2125 3036 2190 medio
3077 2123 3214 2214 tolli
3255 2144 3663 2209 permagnum
3704 2129 3978 2191 nostrum
4023 2149 4155 2193 om-

468 2268 478 2278 ·
566 2232 741 2297 nium
803 2230 1074 2296 interest.
1162 2230 1293 2295 Alii
1338 2231 1521 2306 enim,
1595 2230 1701 2313 qui
1744 2228 2103 2308 Herodoti2)
2175 2225 2377 2293 locum
2419 2227 2804 2293 notissimum
2845 2248 2959 2313 per
2997 2230 3388 2290 transennam
3462 2226 3636 2309 quasi
3699 2231 4170 2311 praetereuntes.

564 2331 826 2396 strictim
856 2332 1226 2416 aspexerint,
1269 2329 1659 2396 veterrimum
1692 2328 2062 2394 Graecorum
2091 2326 2323 2393 cultum
2364 2348 2487 2392 non
2530 2329 2727 2393 solum
2771 2327 3022 2393 nomina
3063 2327 3316 2392 deorum
3339 2324 3641 2400 defecisse,
3685 2326 3791 2391 sed
3830 2328 4018 2393 etiam
4058 2330 4158 2415 ip-

566 2453 663 2497 sas
706 2431 962 2497 deorum
1000 2431 1238 2497 fabulas
1281 2431 1360 2494 ad
1403 2429 1468 2495 id
1508 2433 1753 2515 tempus
1793 2428 2138 2493 referendas
2178 2448 2325 2503 esse,
2370 2447 2491 2512 quo
2533 2426 2906 2493 Phoenicum
2969 2429 3333 2492 mercatores
3397 2424 3642 2490 Cretam
3707 2430 3769 2490 et
3832 2426 4160 2497 Graeciam

563 2533 846 2611 adierint,
889 2552 1136 2615 esseque
1177 2530 1414 2615 origine
1454 2527 1745 2596 Semitica
1781 2529 1981 2595 facere
2019 2551 2145 2594 non
2186 2531 2441 2615 possunt
2481 2527 2632 2611 quin
2671 2525 3120 2610 contendant3),
3163 2530 3235 2591 ut
3275 2523 3317 2590 J
3319 2524 3820 2610 upiter·Cretieus
3861 2531 3941 2594 sit
3981 2532 4171 2598 Ado-

563 2633 661 2698 nis
724 2631 819 2697 vel
860 2632 1262 2697 conformatio
1302 2636 1575 2703 naturae,
1641 2651 1798 2714 quae
1859 2630 2117 2716 singulis
2159 2630 2336 2694 annis
2378 2632 2440 2692 et
2480 2629 2742 2693 intereat
2783 2632 2846 2692 et
2886 2625 2967 2691 ad
3009 2625 3202 2690 vitam
3244 2625 3486 2702 redeat;
3552 2626 3658 2691 alii
3689 2636 3938 2712 oper’am
3982 2631 4160 2712 dant,

567 2736 638 2796 ut
691 2732 1123 2806 demonstrent,
1188 2729 1320 2794 fieri
1361 2751 1486 2795 non
1526 2731 1815 2815 potuisse,
1880 2735 1951 2795 ut
1993 2730 2294 2797 Semitnm
2336 2729 2826 2813 commercium4)
2868 2731 2931 2792 et
2972 2725 3346 2792 consuetudo
3389 2725 3468 2810 ad
3508 2727 3724 2811 populi
3765 2726 3978 2795 Graeci
4021 2733 4159 2818 opi·

567 2834 816 2900 nionem
857 2830 1182 2897 numinum
1223 2828 1376 2896 adeo
1416 2831 1771 2915 pertineret,
1831 2833 1902 2894 ut
1943 2830 2167 2894 summi
2211 2829 2319 2908 dii,
2389 2831 2496 2914 qui
2559 2853 2702 2897 cum
2759 2828 3089 2895 maioribus
3131 2847 3205 2890 ex
3244 2827 3506 2910 pristina
3546 2826 3692 2892 sede
3732 2829 3799 2894 in
3842 2827 4166 2898 Graeciam

566 2932 1018 3017 migravissent,
1063 2930 1520 2995 obsolescerent.

764 3032 870 3097 An
910 3052 1022 3096 nos
1067 3030 1232 3117 fugit
1275 3029 1538 3096 Graecos
1589 3031 1782 3115 Arjae
1836 3030 2053 3117 populi
2108 3031 2589 3116 consanguineos
2640 3053 2714 3095 ex
2771 3031 3024 3105 oriente,
3092 3049 3168 3093 ex
3219 3027 3295 3092 iis
3345 3027 3715 3112 regionibus,
3780 3052 3937 3114 quae
3987 3037 4176 3098 erant.

567 3135 740 3197 trans
782 3133 1065 3207 Semites,
1120 3152 1195 3194 ex
1239 3130 1547 3196 montanis
1590 3130 1846 3197 Iranieis
1887 3151 2159 3216 egressos
2201 3151 2327 3196 non
2367 3154 2482 3217 per
2523 3130 2782 3198 Semites
2825 3132 2892 3195 in
2935 3129 3259 3195 Graeciam
3300 3128 3420 3191 iter
3462 3128 3690 3207 fecisse,
3735 3152 3874 3196 eum
3916 3132 3982 3197 in
4026 3154 4169 3196 ma-

568 3231 655 3296 ris
698 3231 935 3317 Aegaei
977 3230 1205 3295 insulas
1249 3231 1684 3299 recentioribus
1756 3231 2136 3315 temporibus
2209 3230 2428 3298 Graeci
2470 3255 2546 3298 ex
2593 3232 2849 3298 Graecia
2889 3230 3132 3296 colonos
3175 3228 3570 3294 deduxissent
3615 3229 3872 3296 Caribus
3923 3232 4158 3319 fugatis

571 3331 668 3395 vel
711 3331 1017 3417 oppressis
1033 3331 1124 3414 ⁴1²5)
1168 3329 1338 3406 Quae
1379 3351 1475 3395 res
1517 3354 1657 3396 cum
1702 3331 1793 3397 ita
1841 3353 1906 3397 se
1945 3330 2186 3408 habeat,
2229 3333 2365 3398 fieri
2409 3355 2534 3398 non
2554 3333 2784 3418 potuit,
2819 3336 2889 3398 ut
2920 3331 3134 3397 Graeci
3164 3330 3592 3397 Semiticorum
3620 3332 3810 3397 cultui
3837 3334 4161 3399 numinum

567 3431 636 3495 in
676 3431 894 3496 itinere
938 3430 1354 3496 adhaererent.
1440 3430 1807 3497 Assentieris
1876 3432 2070 3518 igitur
2133 3434 2403 3500 Graecos
2474 3455 2611 3499 cum
2656 3458 2693 3498 a
2734 3433 2903 3498 cultu
2945 3436 3129 3517 atque
3171 3429 3553 3496 humanitate
3616 3432 3871 3499 minime
3934 3434 4161 3501 afuisse

572 3534 709 3596 tum
759 3530 1010 3598 deorum
1052 3531 1303 3596 nomina
1345 3529 1414 3594 in
1453 3533 1702 3614 patrum
1742 3532 1984 3597 sedibus
2024 3535 2249 3601 usitata
2289 3536 2357 3599 in
2397 3555 2558 3600 nova
2599 3534 2805 3619 patria
2847 3553 3236 3616 nequaquam
3267 3531 3490 3597 oblitos
3520 3552 3666 3608 esse,
3711 3554 3867 3616 quae
3910 3537 4164 3601 nomina

569 3632 830 3717 posteris
870 3636 942 3696 ut
971 3615 1117 3693 οἷπό
1138 3622 1722 3714 τῶνβαρβάρων
1741 3616 2018 3716 ἥκοντα
2060 3634 2271 3700 dubito
2313 3656 2396 3699 an
2436 3633 2809 3709 sonaverint3
2855 3654 2996 3698 nam
3043 3632 3189 3697 deus
3231 3652 3604 3697 summarum
3647 3633 3798 3697 coeli
3838 3636 4173 3720 regionum.

573 3732 652 3796 ab
694 3730 864 3798 Indis
905 3732 1178 3806 Varuna,
1252 3713 1563 3814 οὕρανός
1633 3754 1671 3794 a
1712 3730 1957 3798 Graecis
1998 3734 2423 3818 appellabatur
2463 3739 2526 3800 et
2567 3735 2860 3800 Indorum
2900 3734 3071 3799 Deva
3117 3729 3365 3815 Devque
3413 3729 3727 3797 [ranorum
3769 3736 3979 3799 eadem
4020 3739 4165 3800 sunt

571 3831 775 3895 radice
816 3833 1002 3914 atque
1035 3821 1221 3901 θεὸς
1290 3830 1662 3895 Graecorum
1704 3830 2243 3917 Romanorumque
2284 3833 2449 3910 deus,
2523 3855 2680 3917 quae
2722 3856 2920 3910 voces,
2992 3855 3128 3900 cum
3174 3833 3495 3897 nationum
3565 3833 3832 3899 eiusdem
3902 3836 4176 3921 originis-

570 3931 712 4008 sint,
756 3929 1110 4017 significant
1153 3927 1556 4015 splendorem,
1599 3930 1818 3996 lucem.
1864 3932 2042 4001 diem.

776 4029 894 4096 Sed
937 4032 1182 4094 tantum
1224 4030 1410 4107 abest,
1469 4035 1542 4096 ut
1581 4029 1736 4095 mihi
1778 4032 2085 4097 sententia
2126 4054 2336 4098 eorum
2378 4034 2695 4119 probetur,
2738 4033 2843 4117 qui
2888 4034 2962 4097 de
2991 4033 3257 4097 deorum
3302 4031 3671 4098 Graecorum
3713 4040 3934 4099 natura
3977 4044 4162 4122 atque

577 4129 748 4194 cultu
795 4129 1213 4212 quaestionem
1239 4129 1308 4194 in
1336 4129 1930 4217 Indogermanornm
1972 4132 2214 4218 linguas
2256 4137 2319 4196 et
2361 4132 2598 4199 fabulas
2641 4133 3036 4211 concludant,
3081 4137 3151 4198 ut
3190 4132 3434 4198 credam
3476 4132 3663 4198 etiam
3709 4132 4008 4199 Semitum
4039 4136 4168 4204 lin-

575 4248 737 4315 guas
779 4231 843 4291 et
885 4228 1123 4294 fabulas
1163 4228 1546 4315 indagandas
1587 4251 1734 4306 esse,
1806 4254 1945 4297 cum
1988 4233 2093 4296 vix
2135 4233 2402 4298 dubitari
2443 4233 2640 4309 liceat,
2700 4235 2849 4317 quin
2892 4234 3143 4299 deorum
3185 4233 3435 4298 nomina
3477 4232 3749 4296 omnium
3791 4235 4160 4317 populorum

573 4328 698 4394 sint
744 4329 1250 4394 conformationes
1290 4351 1496 4395 rerum
1536 4351 1838 4396 novarum
1878 4335 2063 4415 atque
2111 4331 2496 4397 insolitarum
2538 4332 2720 4397 unius
2763 4333 3048 4408 numinis,
3110 4354 3266 4416 qnae
3308 4332 3574 4407 nomina,
3618 4337 3688 4395 ut
3730 4334 4009 4399 omnibus
4050 4358 4175 4401 na·-

781 4546 832 4612 1)
892 4546 1160 4613 Principio
1194 4546 1362 4598 Joves
1396 4554 1502 4599 tres
1536 4553 1817 4599 numerant
1850 4550 1905 4609 ii,
1961 4550 2053 4614 qni
2085 4549 2321 4616 theologi
2356 4551 2722 4602 nominantur:
2780 4565 2845 4602 ex
2879 4550 3066 4616 quibus
3101 4553 3326 4616 primum
3360 4553 3414 4600 et
3445 4548 3732 4599 secundum
3768 4556 3919 4601 natos
3954 4555 4011 4603 in
4045 4554 4152 4603 Ar·-

574 4610 802 4661 cadia:
836 4611 1063 4662 alterum
1098 4618 1249 4678 patre
1281 4614 1528 4676 Aethere,
1583 4630 1650 4665 ex
1685 4630 1788 4681 quo
1823 4617 1984 4666 etiam
2016 4616 2391 4684 Proserpinam
2425 4624 2602 4668 natam
2638 4619 2815 4669 ferunt
2850 4624 2903 4668 et
2936 4618 3200 4679 Liberum,
3259 4617 3481 4668 alterum
3529 4620 3678 4681 patre
3714 4616 3873 4669 Coelo
3901 4618 4034 4682 (sive
4068 4620 4162 4672 Sa-

573 4678 772 4745 turno),
809 4679 899 4743 qui
933 4680 1178 4743 genuisse
1212 4680 1510 4732 Minervam
1547 4682 1763 4745 dicitur3
1796 4684 2009 4733 tertium
2049 4683 2477 4747 Cretensem,
2514 4685 2728 4736 Saturni
2761 4684 2945 4735 fllium.
3014 4683 3121 4735 Cic.
3157 4685 3224 4735 de
3256 4700 3308 4736 n.
3345 4683 3395 4733 d.
3430 4682 3532 4733 111.
3565 4684 3646 4733 21.

774 4761 828 4827 2)
897 4760 1098 4813 Herod.
1132 4762 1205 4813 11.
1239 4762 1324 4817 52.

576 4842 995 4971 Nerienemmglf'
1034 4845 1256 4906 Krause,
1320 4846 1496 4898 Ueber
1532 4847 1632 4898 den
1671 4847 1949 4914 Ursprung
1983 4846 2078 4899 der
2110 4849 2478 4913 griechischen
2517 4851 2867 4905 Gotterlehre.
2937 4850 3299 4902 Fiinfzehnter
3333 4850 3550 4902 Bericht
3583 4851 3678 4904 der
3716 4853 4069 4905 Philomathio
4101 4854 4160 4904 iu
4268 4851 4275 4857 '

773 4994 835 5052 4)
903 4992 967 5043 G.
1001 4993 1064 5044 F.
1098 4993 1447 5060 Schoemanm
1484 4997 1827 5050 Griechische
1860 4995 2237 5060 Alterthflmer,
2272 4999 2314 5049 1.
2350 5016 2403 5065 p.
2446 5001 2518 5051 11.

775 5074 829 5140 5)
899 5076 1007 5127 Cfr.
1039 5076 1185 5128 Max.
1219 5078 1489 5142 Duncker,
1525 5079 1843 5132 Geschichte
1877 5079 1970 5131 des
2003 5080 2350 5144 Alterthums,
2383 5088 2513 5134 tom.
2543 5082 2646 5133 111.
2679 5100 2732 5150 p.
2766 5080 2847 5134 19.

3821 5170 3855 5233 l
