4675 5859
2257 430 2293 495 7

492 633 767 702 numinis
808 653 1031 698 nomen
1073 653 1149 696 ex
1192 631 1425 696 duabus
1468 630 1730 703 vocibus,
1795 626 1967 692 Men
2029 640 2092 694 et
2128 631 2397 718 Ἅλιος,
2440 627 2845 714 compositum
2889 628 2986 694 vel
3027 649 3104 692 ex
3174 626 3343 693 Men
3383 629 3813 717 =''maoc1)
3855 631 4058 695 ortum

490 755 623 800 esse
663 733 900 818 opinor,
942 737 1014 795 ut
1078 729 1456 796 Menalius
1514 728 1700 792 fuerit
1745 729 1874 793 Sol
1933 728 2064 793 sive
2104 728 2418 795 Vulcanus
2458 750 2534 794 ex
2573 727 2732 794 mari
2772 727 3065 804 emicans,
3131 749 3269 793 eum
3309 729 3437 793 eius
3477 727 3673 794 filium
3719 728 4058 795 Vulcanum

490 855 622 899 non
668 824 869 898 solum
912 830 1132 897 Lemni
1172 830 1440 894 fabricae
1481 828 1830 913 praefuisse,
1896 830 1999 893 sed
2068 828 2256 894 etiam
2294 828 2523 895 insulas
2582 827 2915 894 Vulcanias
2979 835 3237 915 propter
3279 827 3550 895 Siciliam
3609 830 3756 894 sitas
3796 828 4060 894 tenuisse

398 1000 419 1011 ,
489 931 932 1014 contenderim.
1017 930 1427 995 Romanorum
1471 948 1615 992 vero
1636 927 1917 993 Minerva
1958 929 2073 993 dea
2115 949 2255 994 cum
2296 930 2508 993 eadem
2554 934 2738 1012 atque
2782 926 3150 994 Graecorum
3185 927 3466 1029 ’AS-qm?
3503 930 3706 1003 fuerit,
3749 950 3906 1012 quae
3946 927 4064 993 dea

498 1033 769 1099 Homero
809 1036 964 1096 teste
1007 1030 1336 1094 secundum
1375 1027 1594 1092 Jovem
1642 1030 1911 1092 maxima
1951 1034 2015 1094 et
2057 1026 2359 1092 Herodoti
2400 1029 2752 1094 testimonio
2795 1027 3020 1092 nullius
3060 1027 3181 1092 nisi
3223 1028 3440 1094 Graeci
3481 1029 3696 1113 populi
3735 1029 3871 1106 fuit,
3934 1050 4060 1094 non

492 1140 606 1211 est,
644 1154 760 1199 cur
787 1129 1206 1197 concedamus
1247 1126 1414 1193 Min
1429 1147 1466 1191 o
1530 1128 1781 1192 orientis
1824 1128 2010 1193 solius
2053 1128 2194 1192 deos
2237 1131 2532 1212 spectare,
2601 1148 2957 1212 quanquam
2999 1128 3213 1212 negari
3253 1149 3377 1192 non
3419 1133 3642 1213 potest,
3684 1128 3857 1195 Mino
3895 1128 4061 1194 haud

500 1232 833 1298 abhorrere
874 1232 949 1294 ab
992 1228 1180 1293 Asiae
1223 1226 1484 1293 Minoris
1523 1227 1698 1292 Men
1741 1228 1875 1303 deo,
1919 1227 2090 1292 cuius
2155 1247 2385 1291 numen
2425 1227 2709 1292 feminini
2750 1229 2992 1313 generis
3052 1226 3169 1292 Ma
3229 1228 3817 1311 praestantissimum
3878 1229 4064 1294 Asiae

492 1334 746 1399 minoris
815 1330 1131 1394 nationum
1199 1336 1347 1393 erat.
1459 1327 1638 1393 Unde
1700 1328 1993 1409 sequitur,
2063 1337 2135 1394 ut
2199 1328 2350 1404 Ma,
2418 1327 2696 1405 Manes,
2760 1327 2967 1405 Men,
3060 1327 3248 1404 Min,
3314 1327 3555 1406 Mene,
3619 1327 3818 1394 Mino
3884 1346 4061 1394 voees

498 1434 577 1499 ad
620 1432 728 1496 illa
768 1437 1049 1513 tempora
1089 1429 1449 1493 referendae
1490 1429 1632 1503 sint,
1678 1428 1900 1511 quibus
1930 1425 2366 1515 lndogermani
2408 1430 2470 1491 et
2513 1425 2771 1492 Semites
2813 1430 2884 1493 in
2910 1448 3037 1492 una
3064 1425 3203 1491 κᾶε
3230 1428 3594 1494 contermini
3639 1431 3830 1504 erant,
3875 1448 4057 1513 quam

495 1532 848 1618 opinionem
890 1550 963 1593 ea
1006 1550 1164 1612 quae
1205 1548 1392 1611 supra
1429 1526 1612 1591 attuli
1656 1528 1731 1592 de
1770 1527 1936 1590 tauri
1979 1548 2124 1591 voce
2166 1528 2530 1592 documenta
2569 1526 2847 1591 fulciunt.
2937 1525 3091 1592 Cum
3129 1546 3273 1593 vero
3301 1527 3417 1594 Ma
3458 1529 3586 1594 sive
3625 1537 3949 1609 Μάσταυ
3961 1558 4059 1629 ρα

492 1629 835 1718 deaAAsiae
877 1649 1115 1693 summa
1158 1651 1196 1691 a
1239 1627 1489 1693 Graecis
1531 1625 1847 1709 Diana2)
1910 1629 2138 1690 tauro
2180 1627 2455 1693 vehens
2521 1626 2838 1690 nominata
2878 1626 3133 1693 Lunae
3177 1648 3404 1693 numen
3442 1629 3631 1694 fuerit
3675 1629 3843 1694 haud
3884 1627 4061 1692 dissi-

488 1730 653 1794 milis
694 1730 994 1813 Syrorum
1033 1727 1439 1804 Astartae,
1487 1749 1644 1812 quae
1687 1725 1826 1791 dea
1866 1725 2121 1791 Lunae
2177 1732 2405 1792 tauro
2475 1724 2773 1791 vehens
2841 1726 3285 1810 hastamque
3344 1733 3623 1795 tenens
3695 1728 4059 1813 fingebatur,

490 1830 795 1913 sequitur,
840 1832 914 1891 ut
952 1826 1075 1894 Ma
1117 1829 1243 1894 sive
1285 1827 1499 1892 Mene
1546 1828 1696 1891 deae
1736 1829 1961 1893 coniux
2005 1827 2172 1891 Men
2213 1827 2342 1892 sive
2387 1826 2649 1892 Manes
2690 1825 2879 1891 solis
2923 1847 3212 1891 numen
3252 1827 3454 1897 fuerit.

690 1930 779 1991 At
818 1927 955 2010 quis
995 1934 1103 2004 est,
1148 1948 1327 2010 quem
1367 1928 1598 2013 fugerit
1639 1929 1717 1992 ab
1759 1927 2195 2011 antiquissimis
2236 1927 2582 1991 nationibus
2643 1946 2767 1991 eos
2822 1927 3313 2011 potissimum
3355 1927 3550 2005 deos,
3616 1929 3737 2011 qui
3779 1933 4063 1993 natura

488 2026 745 2091 fertili
786 2026 1047 2112 fruges
1089 2035 1489 2091 evocarent
1529 2029 1982 2111 alereutque
2022 2027 2266 2091 forma
2306 2032 2574 2091 taurea
2612 2029 2842 2092 fictos
2885 2028 3087 2092 esse?
3146 2023 3242 2090 Ne
3281 2026 3532 2109 longum
3561 2028 3659 2105 sit,
3701 2028 4063 2093 documenta

488 2146 565 2190 ex
610 2125 1192 2211 Indogermanorum
1243 2126 1488 2211 populis
1528 2129 1724 2211 petita
1779 2126 2048 2192 afferam.
2136 2124 2219 2191 In
2235 2126 2274 2189 d
2289 2147 2371 2189 ra
2434 2128 2617 2205 enim,
2686 2128 2922 2213 primus
2984 2124 3275 2190 Indorum
3344 2124 3533 2201 Deva,
3596 2127 3812 2212 ingens
3851 2131 4063 2192 taurus

484 2225 904 2295 invocabatur.
989 2227 1048 2290 A
1065 2247 1099 2289 c
1113 2226 1154 2289 h
1170 2225 1288 2290 elo
1304 2248 1344 2289 u
1361 2248 1390 2290 s
1433 2225 1715 2303 Graecus,
1757 2225 1919 2291 filius
1940 2225 2169 2292 Oceani
2211 2230 2273 2289 et
2314 2224 2592 2303 Telluris,
2639 2227 2745 2311 qui
2766 2226 2806 2292 J
2810 2247 2985 2291 ovem
3030 2230 3228 2290 aetate
3272 2227 3649 2309 superavisse
3675 2226 3896 2292 dicitur
3931 2228 4062 2293 eui-

483 2345 603 2407 que
645 2328 716 2389 ut
756 2346 928 2389 saera
966 2323 1182 2389 fierent
1223 2326 1530 2390 oraculum
1575 2325 1972 2391 Dodonaeum
2012 2326 2077 2390 in
2118 2325 2240 2391 fine
2281 2325 2619 2391 edictorum
2661 2326 3041 2403 admonebat,
3087 2346 3226 2390 cum
3252 2324 3505 2390 Acheloi
3545 2345 3732 2392 cornu
3781 2332 4063 2392 taureum

482 2428 642 2490 esset
681 2445 869 2489 cornu
914 2425 1284 2500 divitiarum,
1328 2426 1527 2488 forma
1566 2430 1780 2490 taurea
1818 2423 1996 2489 fictus
2037 2425 2406 2490 adorabatur
2420 2430 2497 2507 3).
2586 2424 2802 2509 Neque
2845 2446 2989 2489 vero
3026 2425 3415 2510 Dionysos
3432 2473 3448 2503 ,
3493 2425 3666 2491 Jovis
3707 2430 3771 2491 et
3799 2428 4061 2493 Semeles

484 2526 583 2594 vel
626 2523 945 2590 Demetros
985 2524 1081 2588 vel
1127 2523 1354 2590 Diones
1394 2525 1489 2589 vel
1541 2523 1709 2608 Hyes
1750 2523 1909 2588 filius
1925 2571 1942 2601 ,
1986 2524 2133 2589 deus
2184 2546 2391 2589 rerum
2431 2524 2619 2590 fertili
2662 2528 2881 2590 natura
2922 2527 3318 2590 crescentium
3358 2523 3726 2591 omittendus
3767 2533 3875 2602 est,
3920 2548 4061 2592 nam

483 2646 624 2689 cum
666 2625 733 2688 in
778 2625 994 2688 ceteris
1035 2626 1215 2688 terris
1257 2626 1537 2689 cornibus
1578 2623 1741 2688 tauri
1782 2622 2095 2708 praeditus
2124 2625 2233 2711 ‚vel
2253 2628 2468 2690 taurus
2494 2622 2847 2709 fingebatur
2887 2629 3024 2691 tum
3066 2626 3134 2690 in
3174 2623 3353 2690 Elide
3393 2647 3431 2688 a
3453 2624 3804 2691 mulieribus
3848 2632 4059 2692 taurus

430 2745 441 2760 ‘
485 2725 853 2790 adorabatur
868 2727 944 2809 4).
1031 2724 1184 2789 Cum
1226 2745 1370 2789 vero
1412 2726 1597 2790 etiam
1639 2723 1683 2789 J
1683 2723 1800 2800 ovi,
1859 2722 2172 2788 Minervae
2185 2771 2200 2801 ,
2257 2724 2530 2808 Apollini
2582 2729 2796 2791 taurus
2837 2725 3190 2811 gratissima
3244 2724 3494 2789 victima
3547 2724 3732 2791 fuerit
3799 2746 4055 2810 eumque

485 2825 735 2910 Jupiter
776 2823 976 2887 forma
1015 2829 1230 2887 taurea
1270 2824 1519 2888 indutus
1561 2823 1875 2906 Europam
1942 2824 2008 2887 in
2072 2823 2316 2889 Cretam
2360 2828 2714 2907 portaverit,
2759 2846 2882 2891 non
2925 2830 3033 2900 est,
3077 2845 3185 2888 eur
3225 2822 3302 2888 iis
3342 2824 3637 2889 calculum
3680 2825 3907 2902 demus,
3953 2826 4060 2909 qui

482 2927 525 2993 J
527 2947 704 2990 ovem
747 2924 1048 2989 Creticum
1115 2924 1209 2988 vel
1273 2923 1690 2989 Minotaurum
1751 2924 2001 2989 Graecis
2057 2925 2388 3007 indignum
2445 2925 2745 2991 Semitum
2801 2945 3024 2990 numen
3071 2924 3257 2989 fuisse
3297 2924 3687 2990 contendunt.
3773 2923 3939 2991 Nam
3980 2930 4062 2992 ut

483 3025 686 3110 apud
729 3023 952 3089 Indos
996 3023 1266 3099 Indra,
1313 3026 1422 3089 sie
1462 3023 1782 3110 Jupiter
1823 3023 2373 3090 aOretensibus
2427 3024 2671 3089 forma
2725 3030 3003 3090 taurea
3043 3024 3282 3089 fictus
3323 3030 3469 3102 est,
3514 3046 3655 3091 cum
3695 3024 4051 3103 fertilitatis,

487 3146 670 3208 quam
711 3124 862 3188 coeli
904 3144 1010 3187 rex
1051 3125 1511 3207 tempestatibus
1553 3144 1778 3209 augere
1819 3129 1926 3188 aut
1965 3126 2220 3209 perdere
2260 3129 2525 3210 poterat,
2568 3127 2912 3210 symbolum
2952 3130 3109 3187 esset
3147 3127 3357 3189 taurus
3367 3128 3444 3203 5).

685 3223 727 3289 J
727 3226 861 3288 ovis
903 3227 1105 3287 autem
1150 3222 1466 3288 Dodonaei
1518 3245 1672 3288 uxor
1726 3230 1860 3289 erat
1902 3223 2120 3300 Dione,
2165 3224 2415 3309 Europa
2456 3223 2499 3290 J
2502 3227 2632 3290 ovis
2697 3224 3019 3293 Cretensis.
3103 3223 3352 3309 Europa
3413 3232 3618 3292 autem
3658 3224 3872 3309 regina
3912 3224 4066 3289 coeli

493 3345 688 3409 aeque
754 3342 826 3387 ac
887 3322 927 3388 J
931 3343 1053 3386 uno
1123 3323 1250 3385 sive
1314 3321 1515 3406 Djone
1571 3324 1832 3389 laetatur
1886 3325 2230 3402 Asterione,
2283 3331 2355 3389 ut
2411 3326 2478 3389 in
2521 3325 2785 3389 nummis
2826 3325 3000 3390 stella
3045 3323 3300 3401 adiecta,
3367 3326 3552 3389 vestis
3593 3323 3835 3388 stellata
3872 3324 3952 3388 sit
3993 3325 4055 3388 in

487 3424 678 3500 vasis3
722 3442 877 3506 quae
920 3422 1031 3485 dea
1057 3443 1261 3485 rerum
1289 3427 1508 3486 natura
1550 3422 1738 3487 fertili
1779 3426 2174 3489 crescentium
2232 3425 2298 3490 in
2343 3426 2605 3490 nummis
2663 3425 2983 3511 Gortyniis
3039 3428 3105 3490 in
3149 3426 3350 3510 capite
3389 3429 3603 3490 taureo
3647 3424 3816 3490 sedet
3856 3424 4061 3507 aquila

695 3657 742 3721 1)
813 3656 958 3723 ἥλιος
993 3671 1097 3699 ---
1131 3656 1255 3705 Jon.
1276 3643 1454 3719 ’ἠέλιος
1504 3673 1606 3701 =
1641 3659 1767 3708 Dor.
1805 3658 1976 3716 ἀέλιος
2011 3664 2062 3708 et
2097 3659 2268 3716 ἅλως.

687 3725 738 3790 2)
812 3722 994 3782 „Luna
1026 3740 1058 3774 a
1114 3724 1189 3772 lu
1209 3738 1284 3773 ee
1303 3740 1337 3772 n
1357 3723 1392 3773 d
1410 3741 1441 3773 ο
1497 3728 1766 3776 nominata
1799 3727 1899 3774 sit:
1954 3724 2135 3775 eadem
2189 3729 2269 3775 est
2322 3726 2464 3775 enim
2514 3725 2732 3776 Lucina.
2800 3726 2985 3791 Itaque
3036 3732 3093 3775 ut
3125 3725 3265 3792 apud
3316 3724 3546 3775 Graecos
3580 3725 3806 3775 Dianam
3844 3739 4062 3789 eamque

488 3790 786 3842 Luciferam
822 3790 897 3839 sic
931 3791 1069 3857 apud
1106 3792 1368 3842 Romanos
1402 3792 1439 3841 J
1442 3808 1665 3842 unonem
1702 3792 1954 3841 Lucinam
1992 3792 2043 3839 in
2080 3790 2332 3856 pariendo
2368 3793 2641 3841 invocant:
2697 3807 2832 3858 quae
2867 3793 3047 3843 eadem
3084 3799 3163 3842 est
3197 3793 3371 3842 Diana
3422 3808 3453 3841 ο
3470 3808 3521 3840 m
3540 3807 3576 3840 n
3600 3793 3669 3840 iv
3687 3807 3720 3841 a
3735 3807 3771 3856 g
3790 3807 3821 3841 a
3855 3790 4059 3853 dicitur,

485 3873 592 3908 non
628 3872 661 3906 a
693 3873 727 3906 v
750 3872 833 3907 en
859 3872 942 3906 an
962 3858 995 3907 d
1016 3875 1075 3919 o,
1112 3857 1206 3907 sed
1240 3858 1379 3923 quod
1413 3860 1469 3908 in
1489 3863 1687 3924 septem
1705 3863 2009 3908 numeratur
2043 3864 2292 3924 tanquam
2328 3858 2659 3923 vagantibus.
2685 3860 2859 3908 Diana
2894 3859 3058 3920 dicta,
3091 3862 3215 3925 quia
3248 3864 3406 3908 noctu
3438 3859 3587 3924 quasi
3621 3858 3758 3908 diem
3793 3858 4054 3909 efficeret“

509 3925 617 3974 Cic.
651 3923 716 3974 de
749 3939 801 3972 n.
837 3923 887 3973 d.
921 3924 993 3973 11.
1028 3927 1129 3988 27).
1199 3925 1341 3974 Juno
1376 3926 1608 3990 profecto
1644 3926 1848 3974 Lucina
1882 3929 1961 3974 est
1994 3924 2175 3976 eadem
2230 3932 2392 3989 atque
2426 3924 2602 3974 Diana
2633 3927 2748 3975 sive
2768 3927 3023 3998 ’Ἄρτεμις
3062 3925 3360 3997 φωσφόρος
3415 3924 3501 3975 vel
3563 3925 3895 3994 σελασφόρος
3948 3926 4061 3975 sive

534 4005 641 4040 una
672 3989 917 4041 Lucifera
950 3994 1061 4041 sive
1097 3996 1199 4045 Σελ
1215 3992 1296 4057 ’νη
1330 3990 1428 4041 dea
1463 3994 1637 4042 omniv
1707 4007 1741 4041 a
1773 3991 2018 4055 diumque
2183 4006 2364 4057 agane,
2418 4006 2552 4057 quae
2599 3999 2715 4042 erat
2769 3992 2945 4057 Djone
2997 3993 3215 4056 Titanis,
3269 4008 3403 4042 uxor
3458 3992 3645 4058 Djovis
3696 3991 3849 4054 Solis,
3899 3997 4058 4041 noctu

485 4056 975 4187 ΤῖιιίεωΒῗῆὶΣίἷηε,
1062 4073 1181 4174 ulam
1203 4014 1443 4173 'lzrssgam
1502 4059 1642 4109 Jove
1749 4059 1883 4109 etico
1944 4063 1999 4107 et
2080 4064 2238 4108 atona
2276 4063 2451 4108 natam
2488 4060 2797 4124 accepimus.

852 4130 877 4173 t
915 4139 999 4174 on.
1114 4160 1126 4172 .
1202 4160 1215 4172 .
1352 4160 1365 4172 .

688 4189 742 4252 4)
810 4189 948 4240 Plut.
985 4141 1197 4258 quaest}²
1221 4189 1406 4242 Graec.
1444 4208 1486 4239 e„
1522 4192 1602 4239 36.

617 4323 629 4335 .
682 4254 737 4321 5)
807 4254 988 4308 Cicero
1024 4258 1233 4324 quidem
1268 4257 1353 4322 (de
1388 4274 1440 4307 n.
1475 4258 1524 4307 d.
1559 4257 1631 4306 ΙΙ.
1666 4259 1746 4322 253
1782 4257 1874 4307 cfr.
1909 4274 1958 4338 p:
1995 4258 2042 4306 2.
2079 4273 2129 4307 n.
2168 4258 2233 4323 1.)
2303 4257 2664 4308 Saturnum
2701 4272 2816 4308 esse
2849 4256 3189 4336 appellatum,
3224 4257 3365 4323 quod
3419 4261 3852 4336 saturaretur
3886 4258 4055 4318 annis,

485 4323 1112 4454 zssssffixtffiifffi‘ff
1137 4323 2447 4456 fffiffifflimffffiezffitfffi
2477 4322 4057 4456 {3¹35)³m03';⁸1510⁰1?i?2⁸‘319a2⁸t31Qmmeffuiffbffomufflfpfflss

485 4456 708 4505 numina
739 4470 995 4519 nusquam
1030 4457 1309 4522 verborum
1344 4458 1523 4508 formis
1557 4459 1716 4508 futuri
1751 4459 2003 4523 temporis
2036 4457 2299 4520 finiantur,
2335 4475 2462 4508 num
2498 4458 2669 4507 verior
2717 4458 2798 4506 sit.
2868 4457 3073 4508 Nomen
3109 4458 3267 4523 igitur
3302 4457 3530 4517 Saturni,
3587 4458 3677 4521 qui
3713 4455 3840 4506 deus
3874 4458 4057 4521 priscis

492 4521 818 4586 temporibus
869 4521 1153 4573 Saeturnus
1187 4525 1298 4574 sive
1334 4522 1608 4575 Saiturnus
1643 4526 1939 4576 nominatus
1973 4531 2068 4584 est,
2103 4539 2168 4574 ex
2202 4523 2283 4575 bis
2316 4526 2534 4575 vocibus
2571 4522 2641 4573 Sa
2677 4524 2762 4588 (z
2798 4523 2913 4584 sae,
2950 4524 3057 4584 Sar,
3090 4528 3235 4585 saon,
3270 4518 3401 4588 siae)
3453 4522 3682 4574 Tur-nus
3715 4525 4058 4588 compositum

493 4601 610 4639 esse
645 4587 1016 4640 contenderim.
1088 4589 1415 4641 Documento
1449 4591 1575 4643 mihi
1611 4597 1734 4641 sunt
1764 4591 1929 4641 multa
1964 4590 2217 4641 Italorum
2268 4593 2500 4651 numina,
2556 4591 2811 4655 imprimis
2868 4591 2902 4641 J
2925 4607 2959 4641 u
2979 4595 3001 4640 t
3022 4606 3146 4640 urn
3165 4606 3198 4641 a
3263 4591 3477 4654 eiusque
3532 4590 3690 4641 frater
3746 4589 3791 4638 T
3810 4605 3941 4639 urn
3959 4606 3994 4639 u
4013 4607 4055 4641 s.

492 4652 755 4704 Iuturnae
791 4657 949 4716 enim,
1000 4656 1264 4721 nymphae
1299 4656 1551 4708 Italorum
1586 4658 1976 4719 celeberrimae,
2030 4672 2360 4723 nequaquam
2415 4673 2448 4708 a
2497 4658 2796 4707 iuvando
2831 4657 3042 4707 ductum
3077 4662 3157 4708 est
3187 4671 3396 4716 nornen,
3446 4655 3542 4706 sed
3575 4672 3641 4707 ex
3676 4656 3779 4721 Dja
3802 4657 3892 4722 na)
3943 4658 4055 4707 sive

487 4719 710 4786 Djo(ne)
747 4720 836 4770 vel
871 4720 1233 4787 Ju(n)—Turna
1266 4724 1378 4788 (cfr.
1414 4740 1463 4789 p.
1500 4725 1552 4787 4)
1572 4729 1758 4786 ortum,
1794 4724 1934 4790 quod
1967 4738 2160 4774 numen
2197 4724 2427 4775 coeleste
2462 4724 2699 4789 symbolo
2734 4724 3017 4775 fertilitatis
3054 4724 3292 4773 indutum
3338 4721 3604 4773 colebatur
3640 4724 3751 4788 (cfr.
3846 4729 4056 4774 astaura

489 4802 538 4850 p.
575 4784 644 4852 7.)
700 4785 942 4849 Videsne,
1001 4797 1060 4838 ut
1092 4790 1418 4840 Minotaurus
1455 4789 1744 4856 appellatus
1780 4793 1849 4841 sit
1881 4790 2086 4841 Taurus
2120 4791 2391 4856 factusque
2425 4792 2597 4841 Minos
2631 4806 2724 4841 rex
2771 4791 3193 4856 potentissimus?
3268 4787 3435 4837 Simili
3469 4789 3624 4840 modo
3658 4792 3812 4841 etiam
3848 4790 4055 4840 Turnus

491 4867 555 4901 ex
590 4854 871 4904 immortali
906 4857 1119 4905 numine
1152 4871 1245 4905 rex
1298 4857 1466 4906 factus
1515 4858 1751 4908 mortalis
1804 4865 1858 4908 et
1891 4859 1957 4908 ab
2001 4858 2185 4907 Aenea
2230 4864 2505 4923 superatus
2551 4862 2643 4907 est.
2714 4856 2844 4907 Cum
2890 4858 2971 4907 his
3016 4855 3313 4906 numinibus
3348 4862 3711 4922 comparentur
3744 4857 3904 4906 velim
3937 4871 4052 4905 cum

495 4915 762 4971 Silva-nus
798 4927 851 4971 et
882 4920 1223 4973 Vertum—nus
1256 4927 1367 4972 tum
1401 4921 1644 4973 Voltur
1663 4940 1782 4974 nus
1819 4923 1959 4989 (Vol,
1994 4922 2112 4984 Vol,
2131 4923 2237 4973 Vul
2270 4948 2354 4977 e:
2373 4923 2640 4988 Tur-nus),
2677 4939 2707 4974 a
2742 4940 2843 4989 quo
2879 4925 3108 4983 numine,
3145 4938 3253 4971 non
3288 4936 3323 4971 a
3357 4922 3616 4974 volvendo
3650 4923 3941 4990 appellatus
3975 4928 4056 4972 est

492 4982 798 5049 Vulturnus,
833 4988 972 5052 qnod
1006 4988 1198 5039 flumen
1235 5003 1399 5054 aeque
1434 5003 1496 5039 ac
1529 4995 1712 5040 turnus
1729 4992 1841 5041 sive
1866 4995 2043 5040 taurus
2062 4989 2307 5041 volvitur.
2377 4991 2699 5041 Saturnus
2734 4992 2907 5055 igitur,
2947 4992 3092 5039 cuius
3120 4988 3417 5039 sacerdotes
3435 4995 3586 5040 erant
3615 4990 3799 5041 fratres
3817 4990 4053 5050 Arvales,

541 5052 744 5167 rizcis
777 5055 1196 5120 temporibus
1231 5057 1444 5106 forma
1476 5062 1709 5106 taurea
1754 5057 2026 5106 indutus
2072 5058 2399 5121 imprimis
2435 5059 2732 5108 sationis
2781 5056 2944 5107 deus
2998 5056 3076 5106 ab
3123 5054 3325 5105 Italis
3368 5056 3647 5107 videtur
3693 5071 3845 5107 esse
3879 5056 4056 5106 cele·

534 5132 605 5167 ra
646 5133 734 5169 us.
3565 5151 3582 5180 ι
